<?xml version="1.0" encoding="UTF-8"?>
<!DOCTYPE html PUBLIC "-//W3C//DTD XHTML 1.0 Transitional//EN"
    "http://www.w3.org/TR/xhtml1/DTD/xhtml1-transitional.dtd">
<html xmlns="http://www.w3.org/1999/xhtml" xml:lang="en" lang="en">
 <head>
  <title>
</title>
<meta http-equiv="Content-Type" content="text/html;charset=utf-8" />
  <meta name='ocr-system' content='tesseract 3.04.00' />
  <meta name='ocr-capabilities' content='ocr_page ocr_carea ocr_par ocr_line ocrx_word'/>
</head>
<body>
  <div class='ocr_page' id='page_1' title='image "./lveiiapvleimada00apulgoog_0061.png"; bbox 0 0 3125 4617; ppageno 0'>
   <div class='ocr_carea' id='block_1_1' title="bbox 641 516 1238 583">
    <p class='ocr_par' dir='ltr' id='par_1_1' title="bbox 641 516 1238 583">
     <span class='ocr_line' id='line_1_1' title="bbox 641 516 1238 583; baseline 0.005 -14"><span class='ocrx_word' id='word_1_1' title='bbox 641 516 834 571; x_wconf 74' lang='lat' dir='ltr'><strong>APOLOGIA.</strong></span> <span class='ocrx_word' id='word_1_2' title='bbox 1196 518 1238 583; x_wconf 85' lang='lat'><strong>39</strong></span> 
     </span>
    </p>
   </div>
   <div class='ocr_carea' id='block_1_2' title="bbox 141 626 1348 761">
    <p class='ocr_par' dir='ltr' id='par_1_2' title="bbox 141 626 1348 761">
     <span class='ocr_line' id='line_1_2' title="bbox 141 626 1348 670; baseline -0.002 -3"><span class='ocrx_word' id='word_1_3' title='bbox 141 656 152 667; x_wconf 77' lang='grc'>.</span> <span class='ocrx_word' id='word_1_4' title='bbox 169 626 279 668; x_wconf 69' lang='lat' dir='ltr'><strong>oudone.</strong></span> <span class='ocrx_word' id='word_1_5' title='bbox 1174 627 1191 667; x_wconf 78' lang='lat' dir='ltr'><strong>i.</strong></span> <span class='ocrx_word' id='word_1_6' title='bbox 1205 629 1267 669; x_wconf 79' lang='lat' dir='ltr'><strong>llob.</strong></span> <span class='ocrx_word' id='word_1_7' title='bbox 1280 628 1298 669; x_wconf 79' lang='lat'><strong>1.</strong></span> <span class='ocrx_word' id='word_1_8' title='bbox 1311 631 1348 670; x_wconf 71' lang='lat'><strong>8⁸.</strong></span> 
     </span>
     <span class='ocr_line' id='line_1_3' title="bbox 224 684 1239 761; baseline 0.003 -18"><span class='ocrx_word' id='word_1_9' title='bbox 224 686 348 744; x_wconf 91' lang='lat' dir='ltr'><strong>huiusce</strong></span> <span class='ocrx_word' id='word_1_10' title='bbox 380 684 588 759; x_wconf 88' lang='lat' dir='ltr'><strong>deliramenta,</strong></span> <span class='ocrx_word' id='word_1_11' title='bbox 618 702 701 743; x_wconf 88' lang='lat' dir='ltr'><strong>orsus</strong></span> <span class='ocrx_word' id='word_1_12' title='bbox 732 684 769 743; x_wconf 91' lang='lat' dir='ltr'><strong>ab</strong></span> <span class='ocrx_word' id='word_1_13' title='bbox 800 704 834 744; x_wconf 93' lang='lat' dir='ltr'><strong>eo</strong></span> <span class='ocrx_word' id='word_1_14' title='bbox 862 685 941 760; x_wconf 92' lang='lat' dir='ltr'><strong>quod</strong></span> <span class='ocrx_word' id='word_1_15' title='bbox 973 686 1021 743; x_wconf 83' lang='lat' dir='ltr'><strong>ad&#39;</strong></span> <span class='ocrx_word' id='word_1_16' title='bbox 1042 687 1239 761; x_wconf 83' lang='lat' dir='ltr'><strong>suspicionem</strong></span> 
     </span>
    </p>
   </div>
   <div class='ocr_carea' id='block_1_3' title="bbox 145 772 1346 3159">
    <p class='ocr_par' dir='ltr' id='par_1_3' title="bbox 145 772 1346 3159">
     <span class='ocr_line' id='line_1_4' title="bbox 225 772 1239 852; baseline 0.002 -19"><span class='ocrx_word' id='word_1_17' title='bbox 225 773 343 851; x_wconf 86' lang='lat' dir='ltr'><strong>magiae</strong></span> <span class='ocrx_word' id='word_1_18' title='bbox 363 772 448 849; x_wconf 86' lang='lat' dir='ltr'><strong>quasi</strong></span> <span class='ocrx_word' id='word_1_19' title='bbox 463 773 681 833; x_wconf 88' lang='lat' dir='ltr'><strong>ualidissimum</strong></span> <span class='ocrx_word' id='word_1_20' title='bbox 699 774 731 831; x_wconf 93' lang='lat' dir='ltr'><strong>in</strong></span> <span class='ocrx_word' id='word_1_21' title='bbox 749 774 896 851; x_wconf 89' lang='lat' dir='ltr'><strong>principio</strong></span> <span class='ocrx_word' id='word_1_22' title='bbox 914 773 974 832; x_wconf 91' lang='lat' dir='ltr'><strong>dici</strong></span> <span class='ocrx_word' id='word_1_23' title='bbox 992 775 1239 852; x_wconf 82' lang='lat' dir='ltr'><strong>animaduertisti,</strong></span> 
     </span>
     <span class='ocr_line' id='line_1_5' title="bbox 225 862 1238 942; baseline 0.003 -21"><span class='ocrx_word' id='word_1_24' title='bbox 225 863 371 923; x_wconf 91' lang='lat' dir='ltr'><strong>nonnulla</strong></span> <span class='ocrx_word' id='word_1_25' title='bbox 393 882 440 921; x_wconf 90' lang='lat' dir='ltr'><strong>me</strong></span> <span class='ocrx_word' id='word_1_26' title='bbox 458 862 584 938; x_wconf 84' lang='lat' dir='ltr'><strong>piscium</strong></span> <span class='ocrx_word' id='word_1_27' title='bbox 603 881 712 939; x_wconf 88' lang='lat' dir='ltr'><strong>genera</strong></span> <span class='ocrx_word' id='word_1_28' title='bbox 728 881 782 937; x_wconf 89' lang='lat' dir='ltr'><strong>per</strong></span> <span class='ocrx_word' id='word_1_29' title='bbox 801 862 944 939; x_wconf 85' lang='lat' dir='ltr'><strong>quosdam</strong></span> <span class='ocrx_word' id='word_1_30' title='bbox 961 863 1123 939; x_wconf 79' lang='lat' dir='ltr'><strong>piscatores</strong></span> <span class='ocrx_word' id='word_1_31' title='bbox 1142 865 1238 942; x_wconf 92' lang='lat' dir='ltr'><strong>pretio</strong></span> 
     </span>
     <span class='ocr_line' id='line_1_6' title="bbox 227 950 1239 1030; baseline 0 -19"><span class='ocrx_word' id='word_1_32' title='bbox 227 953 386 1027; x_wconf 86' lang='lat' dir='ltr'><strong>quaesisse.</strong></span> <span class='ocrx_word' id='word_1_33' title='bbox 431 953 532 1010; x_wconf 86' lang='lat' dir='ltr'><strong>utrum</strong></span> <span class='ocrx_word' id='word_1_34' title='bbox 554 950 647 1028; x_wconf 90' lang='lat' dir='ltr'><strong>igitur</strong></span> <span class='ocrx_word' id='word_1_35' title='bbox 669 950 775 1009; x_wconf 92' lang='lat' dir='ltr'><strong>horum</strong></span> <span class='ocrx_word' id='word_1_36' title='bbox 799 952 837 1010; x_wconf 90' lang='lat' dir='ltr'><strong>ad</strong></span> <span class='ocrx_word' id='word_1_37' title='bbox 859 952 1086 1028; x_wconf 74' lang='lat' dir='ltr'><strong>suspectandam</strong></span> <span class='ocrx_word' id='word_1_38' title='bbox 1107 954 1239 1030; x_wconf 88' lang='lat' dir='ltr'><strong>magiam</strong></span> 
     </span>
     <span class='ocr_line' id='line_1_7' title="bbox 197 1039 1239 1116; baseline 0.001 -16"><span class='ocrx_word' id='word_1_39' title='bbox 197 1060 211 1101; x_wconf 84' lang='lat'><strong>5</strong></span> <span class='ocrx_word' id='word_1_40' title='bbox 226 1039 330 1099; x_wconf 83' lang='lat' dir='ltr'><strong>ualet?</strong></span> <span class='ocrx_word' id='word_1_41' title='bbox 354 1039 469 1115; x_wconf 82' lang='lat' dir='ltr'>quodne</span> <span class='ocrx_word' id='word_1_42' title='bbox 491 1040 653 1114; x_wconf 72' lang='lat' dir='ltr'><strong>piscatores</strong></span> <span class='ocrx_word' id='word_1_43' title='bbox 671 1040 744 1098; x_wconf 92' lang='lat' dir='ltr'><strong>mihi</strong></span> <span class='ocrx_word' id='word_1_44' title='bbox 762 1041 875 1116; x_wconf 91' lang='lat' dir='ltr'><strong>piscem</strong></span> <span class='ocrx_word' id='word_1_45' title='bbox 893 1039 1102 1116; x_wconf 77' lang='lat' dir='ltr'><strong>quaesierrmt‘?</strong></span> <span class='ocrx_word' id='word_1_46' title='bbox 1126 1042 1239 1101; x_wconf 87' lang='lat' dir='ltr'><strong>scilicet</strong></span> 
     </span>
     <span class='ocr_line' id='line_1_8' title="bbox 225 1126 1238 1207; baseline 0.001 -19"><span class='ocrx_word' id='word_1_47' title='bbox 225 1149 296 1207; x_wconf 89' lang='lat' dir='ltr'><strong>ergo</strong></span> <span class='ocrx_word' id='word_1_48' title='bbox 314 1128 529 1206; x_wconf 72' lang='lat' dir='ltr'><strong>phrygionibus</strong></span> <span class='ocrx_word' id='word_1_49' title='bbox 549 1130 601 1187; x_wconf 92' lang='lat' dir='ltr'><strong>aut</strong></span> <span class='ocrx_word' id='word_1_50' title='bbox 618 1126 710 1187; x_wconf 84' lang='lat' dir='ltr'><strong>fabris</strong></span> <span class='ocrx_word' id='word_1_51' title='bbox 728 1130 882 1206; x_wconf 87' lang='lat' dir='ltr'><strong>negotium</strong></span> <span class='ocrx_word' id='word_1_52' title='bbox 900 1129 980 1189; x_wconf 90' lang='lat' dir='ltr'><strong>istud</strong></span> <span class='ocrx_word' id='word_1_53' title='bbox 995 1130 1125 1189; x_wconf 90' lang='lat' dir='ltr'><strong>dandum</strong></span> <span class='ocrx_word' id='word_1_54' title='bbox 1137 1132 1238 1205; x_wconf 86' lang='lat' dir='ltr'><strong>fuisse,</strong></span> 
     </span>
     <span class='ocr_line' id='line_1_9' title="bbox 227 1218 1238 1295; baseline 0.002 -18"><span class='ocrx_word' id='word_1_55' title='bbox 227 1221 318 1293; x_wconf 89' lang='lat' dir='ltr'><strong>atque</strong></span> <span class='ocrx_word' id='word_1_56' title='bbox 340 1218 386 1276; x_wconf 91' lang='lat' dir='ltr'><strong>ita</strong></span> <span class='ocrx_word' id='word_1_57' title='bbox 408 1236 499 1295; x_wconf 87' lang='lat' dir='ltr'><strong>opera</strong></span> <span class='ocrx_word' id='word_1_58' title='bbox 522 1218 662 1293; x_wconf 92' lang='lat' dir='ltr'><strong>cuiusque</strong></span> <span class='ocrx_word' id='word_1_59' title='bbox 686 1219 759 1277; x_wconf 84' lang='lat' dir='ltr'><strong>artis</strong></span> <span class='ocrx_word' id='word_1_60' title='bbox 782 1218 988 1294; x_wconf 86' lang='lat' dir='ltr'><strong>permutanda,</strong></span> <span class='ocrx_word' id='word_1_61' title='bbox 1011 1221 1037 1278; x_wconf 91' lang='lat' dir='ltr'><strong>si</strong></span> <span class='ocrx_word' id='word_1_62' title='bbox 1060 1220 1168 1278; x_wconf 91' lang='lat' dir='ltr'><strong>uellem</strong></span> <span class='ocrx_word' id='word_1_63' title='bbox 1191 1239 1238 1279; x_wconf 79' lang='lat' dir='ltr'><strong>ca·</strong></span> 
     </span>
     <span class='ocr_line' id='line_1_10' title="bbox 223 1306 1239 1383; baseline 0.003 -18"><span class='ocrx_word' id='word_1_64' title='bbox 223 1306 346 1365; x_wconf 89' lang='lat' dir='ltr'><strong>lumniis</strong></span> <span class='ocrx_word' id='word_1_65' title='bbox 369 1307 477 1365; x_wconf 89' lang='lat' dir='ltr'><strong>uestris</strong></span> <span class='ocrx_word' id='word_1_66' title='bbox 500 1306 605 1381; x_wconf 89' lang='lat' dir='ltr'><strong>uitare,</strong></span> <span class='ocrx_word' id='word_1_67' title='bbox 633 1308 668 1365; x_wconf 91' lang='lat' dir='ltr'><strong>ut</strong></span> <span class='ocrx_word' id='word_1_68' title='bbox 689 1306 773 1365; x_wconf 86' lang='lat' dir='ltr'><strong>faber</strong></span> <span class='ocrx_word' id='word_1_69' title='bbox 795 1307 869 1364; x_wconf 91' lang='lat' dir='ltr'><strong>mihi</strong></span> <span class='ocrx_word' id='word_1_70' title='bbox 891 1308 1002 1383; x_wconf 91' lang='lat' dir='ltr'><strong>piscem</strong></span> <span class='ocrx_word' id='word_1_71' title='bbox 1025 1311 1181 1383; x_wconf 83' lang='lat' dir='ltr'><strong>euerreret,</strong></span> <span class='ocrx_word' id='word_1_72' title='bbox 1204 1311 1239 1368; x_wconf 93' lang='lat' dir='ltr'><strong>ut</strong></span> 
     </span>
     <span class='ocr_line' id='line_1_11' title="bbox 224 1395 1238 1473; baseline 0.004 -20"><span class='ocrx_word' id='word_1_73' title='bbox 224 1396 357 1473; x_wconf 86' lang='lat' dir='ltr'><strong>piscator</strong></span> <span class='ocrx_word' id='word_1_74' title='bbox 379 1397 483 1453; x_wconf 91' lang='lat' dir='ltr'><strong>mutuo</strong></span> <span class='ocrx_word' id='word_1_75' title='bbox 506 1396 621 1473; x_wconf 89' lang='lat' dir='ltr'><strong>lignum</strong></span> <span class='ocrx_word' id='word_1_76' title='bbox 643 1395 803 1454; x_wconf 85' lang='lat' dir='ltr'><strong>dedolaret</strong></span> <span class='ocrx_word' id='word_1_77' title='bbox 850 1415 888 1454; x_wconf 90' lang='lat' dir='ltr'><strong>an</strong></span> <span class='ocrx_word' id='word_1_78' title='bbox 918 1416 953 1455; x_wconf 85' lang='lat' dir='ltr'><strong>ex</strong></span> <span class='ocrx_word' id='word_1_79' title='bbox 983 1403 1028 1455; x_wconf 80' lang='lat' dir='ltr'><strong>eo&#39;</strong></span> <span class='ocrx_word' id='word_1_80' title='bbox 1048 1397 1238 1457; x_wconf 78' lang='lat' dir='ltr'><strong>intellexistis</strong></span> 
     </span>
     <span class='ocr_line' id='line_1_12' title="bbox 183 1484 1238 1569; baseline 0.002 -26"><span class='ocrx_word' id='word_1_81' title='bbox 183 1504 210 1543; x_wconf 87' lang='lat' dir='ltr'><strong>ro</strong></span> <span class='ocrx_word' id='word_1_82' title='bbox 224 1484 371 1543; x_wconf 86' lang='lat' dir='ltr'><strong>maleficio</strong></span> <span class='ocrx_word' id='word_1_83' title='bbox 407 1484 508 1559; x_wconf 89' lang='lat' dir='ltr'><strong>quaeri</strong></span> <span class='ocrx_word' id='word_1_84' title='bbox 543 1484 714 1559; x_wconf 89' lang='lat' dir='ltr'><strong>pisciculos,</strong></span> <span class='ocrx_word' id='word_1_85' title='bbox 752 1484 830 1559; x_wconf 90' lang='lat' dir='ltr'><strong>quod</strong></span> <span class='ocrx_word' id='word_1_86' title='bbox 866 1484 963 1561; x_wconf 91' lang='lat' dir='ltr'><strong>pretio</strong></span> <span class='ocrx_word' id='word_1_87' title='bbox 1000 1485 1238 1569; x_wconf 69' lang='lat' dir='ltr'><strong>quaerebantur?</strong></span> 
     </span>
     <span class='ocr_line' id='line_1_13' title="bbox 225 1573 1239 1652; baseline 0.001 -19"><span class='ocrx_word' id='word_1_88' title='bbox 225 1573 322 1649; x_wconf 88' lang='lat' dir='ltr'><strong>credo,</strong></span> <span class='ocrx_word' id='word_1_89' title='bbox 345 1573 371 1631; x_wconf 91' lang='lat' dir='ltr'><strong>si</strong></span> <span class='ocrx_word' id='word_1_90' title='bbox 394 1573 531 1631; x_wconf 90' lang='lat' dir='ltr'><strong>conuiuio</strong></span> <span class='ocrx_word' id='word_1_91' title='bbox 553 1574 671 1647; x_wconf 85' lang='lat' dir='ltr'><strong>uellem,</strong></span> <span class='ocrx_word' id='word_1_92' title='bbox 698 1574 792 1650; x_wconf 88' lang='lat' dir='ltr'><strong>gratis</strong></span> <span class='ocrx_word' id='word_1_93' title='bbox 817 1574 1004 1647; x_wconf 88' lang='lat' dir='ltr'><strong>quaesissem.</strong></span> <span class='ocrx_word' id='word_1_94' title='bbox 1050 1576 1123 1650; x_wconf 90' lang='lat' dir='ltr'><strong>quin</strong></span> <span class='ocrx_word' id='word_1_95' title='bbox 1145 1576 1239 1652; x_wconf 87' lang='lat' dir='ltr'><strong>igitur</strong></span> 
     </span>
     <span class='ocr_line' id='line_1_14' title="bbox 225 1659 1238 1740; baseline 0.002 -19"><span class='ocrx_word' id='word_1_96' title='bbox 225 1663 319 1721; x_wconf 91' lang='lat' dir='ltr'><strong>etiam</strong></span> <span class='ocrx_word' id='word_1_97' title='bbox 337 1681 373 1721; x_wconf 85' lang='lat' dir='ltr'><strong>ex</strong></span> <span class='ocrx_word' id='word_1_98' title='bbox 396 1662 462 1721; x_wconf 88' lang='lat' dir='ltr'><strong>aliis</strong></span> <span class='ocrx_word' id='word_1_99' title='bbox 485 1661 636 1738; x_wconf 87' lang='lat' dir='ltr'><strong>plerisque</strong></span> <span class='ocrx_word' id='word_1_100' title='bbox 658 1681 705 1720; x_wconf 89' lang='lat' dir='ltr'><strong>me</strong></span> <span class='ocrx_word' id='word_1_101' title='bbox 730 1659 876 1739; x_wconf 79' lang='lat' dir='ltr'><strong>arguitis?</strong></span> <span class='ocrx_word' id='word_1_102' title='bbox 903 1682 974 1721; x_wconf 90' lang='lat' dir='ltr'><strong>nam</strong></span> <span class='ocrx_word' id='word_1_103' title='bbox 1000 1682 1088 1740; x_wconf 87' lang='lat' dir='ltr'><strong>saepe</strong></span> <span class='ocrx_word' id='word_1_104' title='bbox 1116 1684 1238 1723; x_wconf 91' lang='lat' dir='ltr'><strong>numero</strong></span> 
     </span>
     <span class='ocr_line' id='line_1_15' title="bbox 197 1750 1238 1827; baseline 0.002 -17"><span class='ocrx_word' id='word_1_105' title='bbox 197 1776 200 1780; x_wconf 93' lang='grc'><em>·</em></span> <span class='ocrx_word' id='word_1_106' title='bbox 226 1754 258 1810; x_wconf 90' lang='lat' dir='ltr'><strong>et</strong></span> <span class='ocrx_word' id='word_1_107' title='bbox 280 1750 385 1809; x_wconf 90' lang='lat' dir='ltr'><strong>uinum</strong></span> <span class='ocrx_word' id='word_1_108' title='bbox 407 1752 438 1809; x_wconf 91' lang='lat' dir='ltr'><strong>et</strong></span> <span class='ocrx_word' id='word_1_109' title='bbox 456 1750 520 1809; x_wconf 88' lang='lat' dir='ltr'><strong>olus</strong></span> <span class='ocrx_word' id='word_1_110' title='bbox 544 1752 575 1809; x_wconf 91' lang='lat' dir='ltr'><strong>et</strong></span> <span class='ocrx_word' id='word_1_111' title='bbox 596 1769 717 1827; x_wconf 92' lang='lat' dir='ltr'><strong>pomum</strong></span> <span class='ocrx_word' id='word_1_112' title='bbox 741 1752 771 1809; x_wconf 85' lang='lat' dir='ltr'><strong>et</strong></span> <span class='ocrx_word' id='word_1_113' title='bbox 793 1769 902 1824; x_wconf 87' lang='lat' dir='ltr'><strong>panem</strong></span> <span class='ocrx_word' id='word_1_114' title='bbox 923 1751 1019 1827; x_wconf 92' lang='lat' dir='ltr'><strong>pretio</strong></span> <span class='ocrx_word' id='word_1_115' title='bbox 1042 1751 1166 1811; x_wconf 89' lang='lat' dir='ltr'><strong>mutaui.</strong></span> <span class='ocrx_word' id='word_1_116' title='bbox 1203 1770 1238 1813; x_wconf 92' lang='lat' dir='ltr'><strong>eo</strong></span> 
     </span>
     <span class='ocr_line' id='line_1_16' title="bbox 153 1839 1239 1917; baseline 0.004 -22"><span class='ocrx_word' id='word_1_117' title='bbox 153 1854 210 1905; x_wconf 76' lang='lat' dir='ltr'><strong>(aaa)</strong></span> <span class='ocrx_word' id='word_1_118' title='bbox 225 1840 316 1917; x_wconf 86' lang='lat' dir='ltr'><strong>pacto</strong></span> <span class='ocrx_word' id='word_1_119' title='bbox 340 1839 557 1916; x_wconf 85' lang='lat' dir='ltr'><strong>cuppedinariis</strong></span> <span class='ocrx_word' id='word_1_120' title='bbox 581 1839 716 1899; x_wconf 87' lang='lat' dir='ltr'><strong>omnibus</strong></span> <span class='ocrx_word' id='word_1_121' title='bbox 746 1840 857 1897; x_wconf 90' lang='lat' dir='ltr'><strong>famem</strong></span> <span class='ocrx_word' id='word_1_122' title='bbox 884 1839 1023 1899; x_wconf 87' lang='lat' dir='ltr'><strong>decernis.</strong></span> <span class='ocrx_word' id='word_1_123' title='bbox 1070 1842 1136 1916; x_wconf 90' lang='lat' dir='ltr'><strong>quis</strong></span> <span class='ocrx_word' id='word_1_124' title='bbox 1159 1842 1239 1899; x_wconf 89' lang='lat' dir='ltr'><strong>enim</strong></span> 
     </span>
     <span class='ocr_line' id='line_1_17' title="bbox 183 1925 1239 2003; baseline 0.001 -16"><span class='ocrx_word' id='word_1_125' title='bbox 183 1928 262 1987; x_wconf 79' lang='lat' dir='ltr'><strong>reeb</strong></span> <span class='ocrx_word' id='word_1_126' title='bbox 295 1928 356 1987; x_wconf 87' lang='lat' dir='ltr'><strong>illis</strong></span> <span class='ocrx_word' id='word_1_127' title='bbox 389 1925 531 1987; x_wconf 88' lang='lat' dir='ltr'><strong>obsonare</strong></span> <span class='ocrx_word' id='word_1_128' title='bbox 564 1927 697 2003; x_wconf 89' lang='lat' dir='ltr'><strong>audebit,</strong></span> <span class='ocrx_word' id='word_1_129' title='bbox 734 1927 759 1987; x_wconf 91' lang='lat' dir='ltr'><strong>si</strong></span> <span class='ocrx_word' id='word_1_130' title='bbox 792 1928 912 2003; x_wconf 91' lang='lat' dir='ltr'><strong>quidem</strong></span> <span class='ocrx_word' id='word_1_131' title='bbox 944 1928 1101 2003; x_wconf 86' lang='lat' dir='ltr'><strong>statuitur,</strong></span> <span class='ocrx_word' id='word_1_132' title='bbox 1138 1929 1239 1988; x_wconf 90' lang='lat' dir='ltr'><strong>omnia</strong></span> 
     </span>
     <span class='ocr_line' id='line_1_18' title="bbox 225 2014 1238 2095; baseline 0 -19"><span class='ocrx_word' id='word_1_133' title='bbox 225 2014 325 2077; x_wconf 87' lang='lat' dir='ltr'><strong>edulia</strong></span> <span class='ocrx_word' id='word_1_134' title='bbox 358 2036 433 2092; x_wconf 88' lang='lat' dir='ltr'><strong>quae</strong></span> <span class='ocrx_word' id='word_1_135' title='bbox 465 2016 593 2093; x_wconf 92' lang='lat' dir='ltr'><strong>depenso</strong></span> <span class='ocrx_word' id='word_1_136' title='bbox 624 2020 769 2093; x_wconf 88' lang='lat' dir='ltr'><strong>parantur</strong></span> <span class='ocrx_word' id='word_1_137' title='bbox 805 2036 864 2075; x_wconf 90' lang='lat' dir='ltr'><strong>nou</strong></span> <span class='ocrx_word' id='word_1_138' title='bbox 896 2035 998 2092; x_wconf 94' lang='lat' dir='ltr'><strong>cenae,</strong></span> <span class='ocrx_word' id='word_1_139' title='bbox 1035 2018 1085 2076; x_wconf 91' lang='lat' dir='ltr'><strong>sed</strong></span> <span class='ocrx_word' id='word_1_140' title='bbox 1121 2018 1238 2095; x_wconf 83' lang='lat' dir='ltr'><strong>magiae</strong></span> 
     </span>
     <span class='ocr_line' id='line_1_19' title="bbox 227 2103 1239 2182; baseline -0.001 -17"><span class='ocrx_word' id='word_1_141' title='bbox 227 2103 410 2165; x_wconf 81' lang='lat' dir='ltr'><strong>desiderari?</strong></span> <span class='ocrx_word' id='word_1_142' title='bbox 441 2105 519 2180; x_wconf 90' lang='lat' dir='ltr'><strong>quod</strong></span> <span class='ocrx_word' id='word_1_143' title='bbox 549 2104 575 2165; x_wconf 88' lang='lat' dir='ltr'><strong>si</strong></span> <span class='ocrx_word' id='word_1_144' title='bbox 604 2104 680 2164; x_wconf 90' lang='lat' dir='ltr'><strong>nihil</strong></span> <span class='ocrx_word' id='word_1_145' title='bbox 708 2106 842 2164; x_wconf 86' lang='lat' dir='ltr'><strong>remanet</strong></span> <span class='ocrx_word' id='word_1_146' title='bbox 872 2104 1060 2182; x_wconf 89' lang='lat' dir='ltr'><strong>suspicionis,</strong></span> <span class='ocrx_word' id='word_1_147' title='bbox 1089 2125 1184 2181; x_wconf 88' lang='lat' dir='ltr'><strong>neque</strong></span> <span class='ocrx_word' id='word_1_148' title='bbox 1206 2106 1239 2164; x_wconf 91' lang='lat' dir='ltr'><strong>in</strong></span> 
     </span>
     <span class='ocr_line' id='line_1_20' title="bbox 145 2189 1239 2273; baseline 0.002 -22"><span class='ocrx_word' id='word_1_149' title='bbox 145 2210 215 2251; x_wconf 78' lang='lat' dir='ltr'><strong>aem.</strong></span> <span class='ocrx_word' id='word_1_150' title='bbox 225 2193 424 2272; x_wconf 87' lang='lat' dir='ltr'><strong>piscatoribus</strong></span> <span class='ocrx_word' id='word_1_151' title='bbox 447 2193 579 2253; x_wconf 87' lang='lat' dir='ltr'><strong>mercede</strong></span> <span class='ocrx_word' id='word_1_152' title='bbox 602 2193 738 2253; x_wconf 89' lang='lat' dir='ltr'><strong>inuitatis</strong></span> <span class='ocrx_word' id='word_1_153' title='bbox 763 2192 801 2252; x_wconf 90' lang='lat' dir='ltr'><strong>ad</strong></span> <span class='ocrx_word' id='word_1_154' title='bbox 825 2194 903 2269; x_wconf 91' lang='lat' dir='ltr'><strong>quod</strong></span> <span class='ocrx_word' id='word_1_155' title='bbox 930 2193 1026 2253; x_wconf 89' lang='lat' dir='ltr'><strong>solent</strong></span> <span class='ocrx_word' id='word_1_156' title='bbox 1053 2189 1105 2273; x_wconf 82' lang='lat' dir='ltr'><strong>[ad</strong></span> <span class='ocrx_word' id='word_1_157' title='bbox 1128 2196 1239 2270; x_wconf 90' lang='lat' dir='ltr'><strong>piscem</strong></span> 
     </span>
     <span class='ocr_line' id='line_1_21' title="bbox 225 2276 1238 2361; baseline 0.002 -19"><span class='ocrx_word' id='word_1_158' title='bbox 225 2276 420 2361; x_wconf 86' lang='lat' dir='ltr'><strong>capiundum]</strong></span> <span class='ocrx_word' id='word_1_159' title='bbox 444 2316 488 2323; x_wconf 98' lang='lat'><strong>—</strong></span> <span class='ocrx_word' id='word_1_160' title='bbox 511 2302 584 2358; x_wconf 90' lang='lat' dir='ltr'><strong>quos</strong></span> <span class='ocrx_word' id='word_1_161' title='bbox 613 2284 714 2342; x_wconf 88' lang='lat' dir='ltr'><strong>tamen</strong></span> <span class='ocrx_word' id='word_1_162' title='bbox 743 2284 841 2342; x_wconf 86' lang='lat' dir='ltr'><strong>nullos</strong></span> <span class='ocrx_word' id='word_1_163' title='bbox 872 2283 909 2341; x_wconf 90' lang='lat' dir='ltr'><strong>ad</strong></span> <span class='ocrx_word' id='word_1_164' title='bbox 937 2284 1142 2343; x_wconf 88' lang='lat' dir='ltr'><strong>testimonium</strong></span> <span class='ocrx_word' id='word_1_165' title='bbox 1170 2301 1238 2361; x_wconf 89' lang='lat' dir='ltr'><strong>pro·</strong></span> 
     </span>
     <span class='ocr_line' id='line_1_22' title="bbox 185 2372 1237 2449; baseline 0.001 -18"><span class='ocrx_word' id='word_1_166' title='bbox 185 2372 346 2446; x_wconf 80' lang='lat' dir='ltr'><strong>reduxere,</strong></span> <span class='ocrx_word' id='word_1_167' title='bbox 370 2372 479 2448; x_wconf 90' lang='lat' dir='ltr'><strong>quippe</strong></span> <span class='ocrx_word' id='word_1_168' title='bbox 503 2372 554 2449; x_wconf 93' lang='lat' dir='ltr'><strong>qui</strong></span> <span class='ocrx_word' id='word_1_169' title='bbox 576 2372 652 2430; x_wconf 91' lang='lat' dir='ltr'><strong>nulli</strong></span> <span class='ocrx_word' id='word_1_170' title='bbox 675 2372 797 2431; x_wconf 84' lang='lat' dir='ltr'><strong>fuerunt</strong></span> <span class='ocrx_word' id='word_1_171' title='bbox 811 2404 862 2447; x_wconf 92' lang='lat'><strong>—,</strong></span> <span class='ocrx_word' id='word_1_172' title='bbox 885 2392 980 2447; x_wconf 88' lang='lat' dir='ltr'><strong>neque</strong></span> <span class='ocrx_word' id='word_1_173' title='bbox 1002 2372 1035 2430; x_wconf 96' lang='lat' dir='ltr'><strong>in</strong></span> <span class='ocrx_word' id='word_1_174' title='bbox 1058 2373 1123 2448; x_wconf 91' lang='lat' dir='ltr'><strong>ipso</strong></span> <span class='ocrx_word' id='word_1_175' title='bbox 1140 2373 1237 2449; x_wconf 92' lang='lat' dir='ltr'><strong>pretio</strong></span> 
     </span>
     <span class='ocr_line' id='line_1_23' title="bbox 223 2459 1238 2538; baseline 0.002 -19"><span class='ocrx_word' id='word_1_176' title='bbox 223 2461 268 2520; x_wconf 91' lang='lat' dir='ltr'><strong>rei</strong></span> <span class='ocrx_word' id='word_1_177' title='bbox 291 2461 416 2534; x_wconf 88' lang='lat' dir='ltr'><strong>uenalis,</strong></span> <span class='ocrx_word' id='word_1_178' title='bbox 444 2459 525 2519; x_wconf 87' lang='lat' dir='ltr'><strong>cuius</strong></span> <span class='ocrx_word' id='word_1_179' title='bbox 548 2463 649 2520; x_wconf 88' lang='lat' dir='ltr'><strong>tamen</strong></span> <span class='ocrx_word' id='word_1_180' title='bbox 673 2461 872 2536; x_wconf 89' lang='lat' dir='ltr'><strong>quantitatem</strong></span> <span class='ocrx_word' id='word_1_181' title='bbox 893 2462 1008 2519; x_wconf 89' lang='lat' dir='ltr'><strong>nullam</strong></span> <span class='ocrx_word' id='word_1_182' title='bbox 1029 2465 1179 2538; x_wconf 83' lang='lat' dir='ltr'><strong>tarauere,</strong></span> <span class='ocrx_word' id='word_1_183' title='bbox 1201 2482 1238 2521; x_wconf 93' lang='lat' dir='ltr'><strong>nc</strong></span> 
     </span>
     <span class='ocr_line' id='line_1_24' title="bbox 224 2549 1239 2626; baseline 0.002 -18"><span class='ocrx_word' id='word_1_184' title='bbox 224 2551 252 2609; x_wconf 90' lang='lat' dir='ltr'><strong>si</strong></span> <span class='ocrx_word' id='word_1_185' title='bbox 269 2549 416 2608; x_wconf 87' lang='lat' dir='ltr'><strong>mediocre</strong></span> <span class='ocrx_word' id='word_1_186' title='bbox 434 2549 564 2626; x_wconf 88' lang='lat' dir='ltr'><strong>pretium</strong></span> <span class='ocrx_word' id='word_1_187' title='bbox 582 2549 733 2625; x_wconf 86' lang='lat' dir='ltr'><strong>dixissent,</strong></span> <span class='ocrx_word' id='word_1_188' title='bbox 757 2551 1002 2624; x_wconf 87' lang='lat' dir='ltr'><strong>contemneretur,</strong></span> <span class='ocrx_word' id='word_1_189' title='bbox 1024 2552 1051 2609; x_wconf 92' lang='lat' dir='ltr'><strong>si</strong></span> <span class='ocrx_word' id='word_1_190' title='bbox 1067 2552 1239 2626; x_wconf 89' lang='lat' dir='ltr'><strong>plurimum,</strong></span> 
     </span>
     <span class='ocr_line' id='line_1_25' title="bbox 224 2638 1239 2715; baseline 0.002 -18"><span class='ocrx_word' id='word_1_191' title='bbox 224 2656 285 2698; x_wconf 90' lang='lat' dir='ltr'><strong>non</strong></span> <span class='ocrx_word' id='word_1_192' title='bbox 316 2638 495 2713; x_wconf 83' lang='lat' dir='ltr'><strong>crederetur3</strong></span> <span class='ocrx_word' id='word_1_193' title='bbox 525 2639 551 2697; x_wconf 92' lang='lat' dir='ltr'><strong>si</strong></span> <span class='ocrx_word' id='word_1_194' title='bbox 580 2640 611 2696; x_wconf 91' lang='lat' dir='ltr'><strong>iu</strong></span> <span class='ocrx_word' id='word_1_195' title='bbox 640 2638 702 2713; x_wconf 88' lang='lat' dir='ltr'><strong>his,</strong></span> <span class='ocrx_word' id='word_1_196' title='bbox 731 2641 766 2696; x_wconf 96' lang='lat' dir='ltr'><strong>ut</strong></span> <span class='ocrx_word' id='word_1_197' title='bbox 797 2638 877 2713; x_wconf 86' lang='lat' dir='ltr'><strong>dico,</strong></span> <span class='ocrx_word' id='word_1_198' title='bbox 906 2640 989 2697; x_wconf 90' lang='lat' dir='ltr'><strong>nulla</strong></span> <span class='ocrx_word' id='word_1_199' title='bbox 1024 2641 1152 2715; x_wconf 91' lang='lat' dir='ltr'><strong>suspicio</strong></span> <span class='ocrx_word' id='word_1_200' title='bbox 1181 2644 1239 2699; x_wconf 83' lang='lat' dir='ltr'><strong>est:</strong></span> 
     </span>
     <span class='ocr_line' id='line_1_26' title="bbox 223 2721 1346 2815; baseline 0 -29"><span class='ocrx_word' id='word_1_201' title='bbox 223 2726 404 2804; x_wconf 85' lang='lat' dir='ltr'><strong>respondeat</strong></span> <span class='ocrx_word' id='word_1_202' title='bbox 434 2726 509 2784; x_wconf 88' lang='lat' dir='ltr'><strong>mihi</strong></span> <span class='ocrx_word' id='word_1_203' title='bbox 539 2726 737 2801; x_wconf 85' lang='lat' dir='ltr'><strong>Aemilianus,</strong></span> <span class='ocrx_word' id='word_1_204' title='bbox 762 2722 766 2805; x_wconf 90' lang='grc' dir='ltr'>Ι</span> <span class='ocrx_word' id='word_1_205' title='bbox 792 2746 850 2802; x_wconf 90' lang='lat' dir='ltr'><strong>quo</strong></span> <span class='ocrx_word' id='word_1_206' title='bbox 876 2722 888 2806; x_wconf 90' lang='grc' dir='ltr'><strong>ΙΙ</strong></span> <span class='ocrx_word' id='word_1_207' title='bbox 912 2729 1047 2804; x_wconf 89' lang='lat' dir='ltr'><strong>proximo</strong></span> <span class='ocrx_word' id='word_1_208' title='bbox 1081 2730 1166 2806; x_wconf 89' lang='lat' dir='ltr'><strong>signo</strong></span> <span class='ocrx_word' id='word_1_209' title='bbox 1202 2729 1238 2786; x_wconf 91' lang='lat' dir='ltr'><strong>ad</strong></span> <span class='ocrx_word' id='word_1_210' title='bbox 1252 2721 1269 2814; x_wconf 60' lang='grc' dir='ltr'><strong>ξ·</strong></span> <span class='ocrx_word' id='word_1_211' title='bbox 1283 2724 1346 2815; x_wconf 44' lang='grc' dir='ltr'><strong>ξ’</strong></span> 
     </span>
     <span class='ocr_line' id='line_1_27' title="bbox 185 2815 816 2893; baseline -0.006 -16"><span class='ocrx_word' id='word_1_212' title='bbox 185 2836 210 2877; x_wconf 79' lang='lat' dir='ltr'><strong>aa</strong></span> <span class='ocrx_word' id='word_1_213' title='bbox 225 2815 446 2876; x_wconf 86' lang='lat' dir='ltr'><strong>accusationem</strong></span> <span class='ocrx_word' id='word_1_214' title='bbox 467 2816 584 2893; x_wconf 82' lang='lat' dir='ltr'><strong>magiae</strong></span> <span class='ocrx_word' id='word_1_215' title='bbox 608 2816 647 2874; x_wconf 91' lang='lat' dir='ltr'><strong>sit</strong></span> <span class='ocrx_word' id='word_1_216' title='bbox 669 2815 816 2875; x_wconf 88' lang='lat' dir='ltr'><strong>inductus.</strong></span> 
     </span>
     <span class='ocr_line' id='line_1_28' title="bbox 292 2894 1336 2981; baseline 0.002 -19"><span class='ocrx_word' id='word_1_217' title='bbox 292 2898 425 2980; x_wconf 74' lang='lat' dir='ltr'><strong>‘Pisces&#39;,</strong></span> <span class='ocrx_word' id='word_1_218' title='bbox 446 2906 558 2981; x_wconf 90' lang='lat' dir='ltr'><strong>inquit,</strong></span> <span class='ocrx_word' id='word_1_219' title='bbox 582 2899 730 2979; x_wconf 74' lang='lat' dir='ltr'><strong>‘quaeris&#39;.</strong></span> <span class='ocrx_word' id='word_1_220' title='bbox 776 2904 846 2963; x_wconf 92' lang='lat' dir='ltr'><strong>nolo</strong></span> <span class='ocrx_word' id='word_1_221' title='bbox 876 2924 991 2981; x_wconf 88' lang='lat' dir='ltr'><strong>negare.</strong></span> <span class='ocrx_word' id='word_1_222' title='bbox 1037 2906 1089 2964; x_wconf 90' lang='lat' dir='ltr'><strong>sed</strong></span> <span class='ocrx_word' id='word_1_223' title='bbox 1116 2894 1175 2965; x_wconf 65' lang='lat' dir='ltr'><strong>oro&#39;</strong></span> <span class='ocrx_word' id='word_1_224' title='bbox 1194 2905 1239 2964; x_wconf 83' lang='lat' dir='ltr'><strong>te:</strong></span> <span class='ocrx_word' id='word_1_225' title='bbox 1252 2906 1336 2964; x_wconf 89' lang='lat' dir='ltr'><strong>XXX</strong></span> 
     </span>
     <span class='ocr_line' id='line_1_29' title="bbox 225 2990 1238 3070; baseline 0 -19"><span class='ocrx_word' id='word_1_226' title='bbox 225 2994 277 3070; x_wconf 92' lang='lat' dir='ltr'><strong>qui</strong></span> <span class='ocrx_word' id='word_1_227' title='bbox 295 2993 391 3068; x_wconf 91' lang='lat' dir='ltr'><strong>pisces</strong></span> <span class='ocrx_word' id='word_1_228' title='bbox 413 2994 537 3068; x_wconf 90' lang='lat' dir='ltr'><strong>quaerit,</strong></span> <span class='ocrx_word' id='word_1_229' title='bbox 555 3011 660 3069; x_wconf 88' lang='lat' dir='ltr'><strong>magus</strong></span> <span class='ocrx_word' id='word_1_230' title='bbox 679 2990 744 3052; x_wconf 84' lang='lat' dir='ltr'><strong>est?</strong></span> <span class='ocrx_word' id='word_1_231' title='bbox 768 2992 905 3068; x_wconf 90' lang='lat' dir='ltr'><strong>equidem</strong></span> <span class='ocrx_word' id='word_1_232' title='bbox 917 3012 977 3052; x_wconf 91' lang='lat' dir='ltr'><strong>uon</strong></span> <span class='ocrx_word' id='word_1_233' title='bbox 990 2994 1086 3069; x_wconf 89' lang='lat' dir='ltr'><strong>magis</strong></span> <span class='ocrx_word' id='word_1_234' title='bbox 1102 2994 1238 3067; x_wconf 88' lang='lat' dir='ltr'><strong>arbitror,</strong></span> 
     </span>
     <span class='ocr_line' id='line_1_30' title="bbox 225 3082 1238 3159; baseline -0.001 -18"><span class='ocrx_word' id='word_1_235' title='bbox 225 3101 317 3159; x_wconf 91' lang='lat' dir='ltr'><strong>quam</strong></span> <span class='ocrx_word' id='word_1_236' title='bbox 340 3082 366 3141; x_wconf 90' lang='lat' dir='ltr'><strong>si</strong></span> <span class='ocrx_word' id='word_1_237' title='bbox 388 3082 503 3157; x_wconf 89' lang='lat' dir='ltr'><strong>lepores</strong></span> <span class='ocrx_word' id='word_1_238' title='bbox 527 3101 698 3157; x_wconf 87' lang='lat' dir='ltr'><strong>quaererem</strong></span> <span class='ocrx_word' id='word_1_239' title='bbox 720 3082 770 3140; x_wconf 91' lang='lat' dir='ltr'><strong>uel</strong></span> <span class='ocrx_word' id='word_1_240' title='bbox 794 3100 881 3156; x_wconf 88' lang='lat' dir='ltr'><strong>apros</strong></span> <span class='ocrx_word' id='word_1_241' title='bbox 904 3084 953 3140; x_wconf 92' lang='lat' dir='ltr'><strong>uel</strong></span> <span class='ocrx_word' id='word_1_242' title='bbox 977 3082 1082 3141; x_wconf 88' lang='lat' dir='ltr'><strong>altilia.</strong></span> <span class='ocrx_word' id='word_1_243' title='bbox 1124 3102 1163 3140; x_wconf 88' lang='lat' dir='ltr'><strong>an</strong></span> <span class='ocrx_word' id='word_1_244' title='bbox 1181 3083 1238 3141; x_wconf 91' lang='lat' dir='ltr'><strong>soli</strong></span> 
     </span>
    </p>
   </div>
   <div class='ocr_carea' id='block_1_4' title="bbox 297 3281 1239 3410">
    <p class='ocr_par' dir='ltr' id='par_1_4' title="bbox 297 3281 1239 3410">
     <span class='ocr_line' id='line_1_31' title="bbox 297 3281 1239 3410; baseline 0 -70"><span class='ocrx_word' id='word_1_245' title='bbox 297 3293 312 3341; x_wconf 92' lang='lat'>1</span> <span class='ocrx_word' id='word_1_246' title='bbox 333 3285 521 3355; x_wconf 87' lang='lat' dir='ltr'><strong>suspicionem</strong></span> <span class='ocrx_word' id='word_1_247' title='bbox 538 3287 587 3355; x_wconf 63' lang='lat' dir='ltr'><strong>Fe</strong></span> <span class='ocrx_word' id='word_1_248' title='bbox 658 3291 676 3339; x_wconf 87' lang='grc'>4</span> <span class='ocrx_word' id='word_1_249' title='bbox 693 3301 802 3410; x_wconf 54' lang='lat' dir='ltr'><strong>maffim</strong></span> <span class='ocrx_word' id='word_1_250' title='bbox 820 3286 877 3352; x_wconf 76' lang='lat' dir='ltr'><strong>fait</strong></span> <span class='ocrx_word' id='word_1_251' title='bbox 894 3284 926 3339; x_wconf 81' lang='lat' dir='ltr'><strong>in</strong></span> <span class='ocrx_word' id='word_1_252' title='bbox 943 3283 966 3338; x_wconf 69' lang='lat'><strong>1⁴¹</strong></span> <span class='ocrx_word' id='word_1_253' title='bbox 983 3281 1031 3339; x_wconf 80' lang='lat' dir='ltr'><strong>sed</strong></span> <span class='ocrx_word' id='word_1_254' title='bbox 1047 3287 1239 3355; x_wconf 63' lang='lat' dir='ltr'><strong>aapcracmpmt</strong></span> 
     </span>
    </p>
   </div>
   <div class='ocr_carea' id='block_1_5' title="bbox 224 3355 1237 3428">
    <p class='ocr_par' dir='ltr' id='par_1_5' title="bbox 224 3355 1237 3428">
     <span class='ocr_line' id='line_1_32' title="bbox 224 3355 1237 3428; baseline -0.001 -16"><span class='ocrx_word' id='word_1_255' title='bbox 224 3376 258 3415; x_wconf 85' lang='lat' dir='ltr'><strong>m.</strong></span> <span class='ocrx_word' id='word_1_256' title='bbox 279 3364 309 3412; x_wconf 78' lang='lat'><strong>2:</strong></span> <span class='ocrx_word' id='word_1_257' title='bbox 328 3376 347 3411; x_wconf 94' lang='lat' dir='ltr'><strong>n</strong></span> <span class='ocrx_word' id='word_1_258' title='bbox 438 3356 714 3428; x_wconf 70' lang='lat' dir='ltr'><strong>tphrigionibnsl*</strong></span> <span class='ocrx_word' id='word_1_259' title='bbox 777 3355 957 3427; x_wconf 71' lang='lat' dir='ltr'><strong>gionibusp</strong></span> <span class='ocrx_word' id='word_1_260' title='bbox 1048 3356 1237 3411; x_wconf 71' lang='lat' dir='ltr'><strong>lcalumniis</strong></span> 
     </span>
    </p>
   </div>
   <div class='ocr_carea' id='block_1_6' title="bbox 224 3441 1239 3958">
    <p class='ocr_par' dir='ltr' id='par_1_6' title="bbox 224 3441 1239 3958">
     <span class='ocr_line' id='line_1_33' title="bbox 224 3441 1237 3551; baseline 0.001 -16"><span class='ocrx_word' id='word_1_261' title='bbox 224 3472 324 3535; x_wconf 60' lang='lat' dir='ltr'><strong>ffil&#39;</strong></span> <span class='ocrx_word' id='word_1_262' title='bbox 343 3480 510 3550; x_wconf 86' lang='lat' dir='ltr'><strong>calumpniis</strong></span> <span class='ocrx_word' id='word_1_263' title='bbox 529 3480 630 3535; x_wconf 84' lang='lat' dir='ltr'><strong>uestris</strong></span> <span class='ocrx_word' id='word_1_264' title='bbox 650 3501 671 3549; x_wconf 86' lang='grc' dir='ltr'><em>φ</em></span> <span class='ocrx_word' id='word_1_265' title='bbox 726 3542 728 3545; x_wconf 11' lang='grc' dir='ltr'><em>Α</em></span> <span class='ocrx_word' id='word_1_266' title='bbox 744 3486 760 3535; x_wconf 91' lang='grc'>9</span> <span class='ocrx_word' id='word_1_267' title='bbox 778 3441 913 3535; x_wconf 63' lang='lat' dir='ltr'><strong>mutiet*</strong></span> <span class='ocrx_word' id='word_1_268' title='bbox 931 3481 960 3549; x_wconf 92' lang='lat' dir='ltr'><strong>(a</strong></span> <span class='ocrx_word' id='word_1_269' title='bbox 977 3496 1011 3535; x_wconf 81' lang='lat' dir='ltr'><strong>cc</strong></span> <span class='ocrx_word' id='word_1_270' title='bbox 1028 3498 1048 3533; x_wconf 94' lang='lat' dir='ltr'><strong>u</strong></span> <span class='ocrx_word' id='word_1_271' title='bbox 1065 3487 1171 3536; x_wconf 80' lang='lat' dir='ltr'><strong>mutata</strong></span> <span class='ocrx_word' id='word_1_272' title='bbox 1189 3484 1237 3551; x_wconf 84' lang='lat' dir='ltr'><strong>est)</strong></span> 
     </span>
     <span class='ocr_line' id='line_1_34' title="bbox 227 3556 1239 3687; baseline 0 -28"><span class='ocrx_word' id='word_1_273' title='bbox 227 3612 259 3660; x_wconf 82' lang='lat'><strong>13</strong></span> <span class='ocrx_word' id='word_1_274' title='bbox 267 3556 359 3661; x_wconf 52' lang='lat' dir='ltr'><strong>molus</strong></span> <span class='ocrx_word' id='word_1_275' title='bbox 377 3604 400 3659; x_wconf 82' lang='lat' dir='ltr'><strong>F</strong></span> <span class='ocrx_word' id='word_1_276' title='bbox 417 3602 540 3674; x_wconf 74' lang='lat' dir='ltr'><strong>holusrp</strong></span> <span class='ocrx_word' id='word_1_277' title='bbox 570 3606 574 3677; x_wconf 87' lang='grc' dir='ltr'>Ι</span> <span class='ocrx_word' id='word_1_278' title='bbox 603 3610 728 3674; x_wconf 74' lang='lat' dir='ltr'><strong>pomup</strong></span> <span class='ocrx_word' id='word_1_279' title='bbox 822 3611 861 3687; x_wconf 34' lang='lat'><strong>‚14</strong></span> <span class='ocrx_word' id='word_1_280' title='bbox 879 3600 1088 3687; x_wconf 57' lang='lat' dir='ltr'><strong>cupidjinariis</strong></span> <span class='ocrx_word' id='word_1_281' title='bbox 1108 3626 1129 3674; x_wconf 85' lang='grc' dir='ltr'><strong><em>φ</em></strong></span> <span class='ocrx_word' id='word_1_282' title='bbox 1148 3602 1189 3674; x_wconf 89' lang='lat' dir='ltr'><strong>(id</strong></span> <span class='ocrx_word' id='word_1_283' title='bbox 1206 3598 1239 3660; x_wconf 73' lang='lat' dir='ltr'><strong>ia</strong></span> 
     </span>
     <span class='ocr_line' id='line_1_35' title="bbox 225 3673 1238 3748; baseline -0.001 -17"><span class='ocrx_word' id='word_1_284' title='bbox 225 3680 292 3748; x_wconf 84' lang='lat' dir='ltr'><strong>raa.)</strong></span> <span class='ocrx_word' id='word_1_285' title='bbox 383 3683 416 3731; x_wconf 84' lang='grc'><strong>16</strong></span> <span class='ocrx_word' id='word_1_286' title='bbox 436 3678 575 3745; x_wconf 90' lang='lat' dir='ltr'><strong>depenso</strong></span> <span class='ocrx_word' id='word_1_287' title='bbox 594 3677 643 3745; x_wconf 72' lang='lat' dir='ltr'><strong>Frp</strong></span> <span class='ocrx_word' id='word_1_288' title='bbox 717 3682 749 3729; x_wconf 77' lang='lat' dir='ltr'><strong>ll</strong></span> <span class='ocrx_word' id='word_1_289' title='bbox 769 3673 924 3729; x_wconf 84' lang='lat' dir='ltr'><strong>desrderan</strong></span> <span class='ocrx_word' id='word_1_290' title='bbox 941 3676 990 3745; x_wconf 69' lang='lat' dir='ltr'><strong>F‘P</strong></span> <span class='ocrx_word' id='word_1_291' title='bbox 1010 3675 1147 3731; x_wconf 86' lang='lat' dir='ltr'><strong>destinari</strong></span> <span class='ocrx_word' id='word_1_292' title='bbox 1166 3674 1238 3730; x_wconf 81' lang='lat' dir='ltr'><strong>Fal-</strong></span> 
     </span>
     <span class='ocr_line' id='line_1_36' title="bbox 225 3746 1239 3821; baseline 0.001 -20"><span class='ocrx_word' id='word_1_293' title='bbox 225 3750 291 3803; x_wconf 79' lang='lat' dir='ltr'><strong>uiua</strong></span> <span class='ocrx_word' id='word_1_294' title='bbox 307 3750 311 3821; x_wconf 89' lang='grc' dir='ltr'>Ι</span> <span class='ocrx_word' id='word_1_295' title='bbox 328 3746 495 3817; x_wconf 85' lang='lat' dir='ltr'><strong>suspicionis</strong></span> <span class='ocrx_word' id='word_1_296' title='bbox 514 3748 563 3816; x_wconf 73' lang='lat' dir='ltr'><strong>llp</strong></span> <span class='ocrx_word' id='word_1_297' title='bbox 659 3753 692 3801; x_wconf 87' lang='lat'><strong>18</strong></span> <span class='ocrx_word' id='word_1_298' title='bbox 710 3747 839 3801; x_wconf 88' lang='lat' dir='ltr'><strong>mercede</strong></span> <span class='ocrx_word' id='word_1_299' title='bbox 857 3749 890 3801; x_wconf 80' lang='lat' dir='ltr'><strong>ia</strong></span> <span class='ocrx_word' id='word_1_300' title='bbox 908 3765 930 3816; x_wconf 84' lang='grc' dir='ltr'><strong><em>φ</em></strong></span> <span class='ocrx_word' id='word_1_301' title='bbox 947 3765 982 3801; x_wconf 85' lang='lat' dir='ltr'><strong>m.</strong></span> <span class='ocrx_word' id='word_1_302' title='bbox 1001 3764 1024 3803; x_wconf 83' lang='lat' dir='ltr'><strong>r.</strong></span> <span class='ocrx_word' id='word_1_303' title='bbox 1043 3749 1108 3803; x_wconf 83' lang='lat' dir='ltr'><strong>add.</strong></span> <span class='ocrx_word' id='word_1_304' title='bbox 1127 3749 1159 3800; x_wconf 79' lang='lat' dir='ltr'><strong>ia</strong></span> <span class='ocrx_word' id='word_1_305' title='bbox 1176 3765 1239 3819; x_wconf 65' lang='lat' dir='ltr'><strong>ma,</strong></span> 
     </span>
     <span class='ocr_line' id='line_1_37' title="bbox 226 3816 1239 3890; baseline 0 -17"><span class='ocrx_word' id='word_1_306' title='bbox 226 3821 258 3873; x_wconf 76' lang='lat' dir='ltr'><strong>ia</strong></span> <span class='ocrx_word' id='word_1_307' title='bbox 284 3825 360 3874; x_wconf 79' lang='lat' dir='ltr'><strong>tectu</strong></span> <span class='ocrx_word' id='word_1_308' title='bbox 393 3821 464 3875; x_wconf 81' lang='lat' dir='ltr'><strong>deest</strong></span> <span class='ocrx_word' id='word_1_309' title='bbox 499 3822 503 3883; x_wconf 88' lang='grc' dir='ltr'>Ι</span> <span class='ocrx_word' id='word_1_310' title='bbox 540 3816 589 3889; x_wconf 85' lang='lat' dir='ltr'><strong>[ad</strong></span> <span class='ocrx_word' id='word_1_311' title='bbox 615 3818 722 3888; x_wconf 85' lang='lat' dir='ltr'><strong>piscem</strong></span> <span class='ocrx_word' id='word_1_312' title='bbox 741 3817 923 3890; x_wconf 90' lang='lat' dir='ltr'><strong>capiundum]</strong></span> <span class='ocrx_word' id='word_1_313' title='bbox 951 3818 1059 3875; x_wconf 72' lang='lat' dir='ltr'><strong>melueit</strong></span> <span class='ocrx_word' id='word_1_314' title='bbox 1084 3819 1239 3875; x_wconf 63' lang='lat' dir='ltr'><strong>&amp;narius</strong></span> 
     </span>
     <span class='ocr_line' id='line_1_38' title="bbox 227 3888 1229 3958; baseline 0.006 -16"><span class='ocrx_word' id='word_1_315' title='bbox 227 3897 259 3943; x_wconf 80' lang='lat'><strong>21</strong></span> <span class='ocrx_word' id='word_1_316' title='bbox 275 3888 424 3944; x_wconf 70' lang='lat' dir='ltr'><strong>nullumll*</strong></span> <span class='ocrx_word' id='word_1_317' title='bbox 497 3894 531 3943; x_wconf 79' lang='lat'><strong>23</strong></span> <span class='ocrx_word' id='word_1_318' title='bbox 551 3890 713 3958; x_wconf 68' lang='lat' dir='ltr'><strong>suspiciet*</strong></span> <span class='ocrx_word' id='word_1_319' title='bbox 1214 3938 1229 3948; x_wconf 68' lang='lat'><strong><em>„</em></strong></span> 
     </span>
    </p>
   </div>
   <div class='ocr_carea' id='block_1_7' title="bbox 0 0 1568 4617">
    <p class='ocr_par' dir='ltr' id='par_1_7' title="bbox 0 0 1568 4617">
     <span class='ocr_line' id='line_1_39' title="bbox 0 0 1568 4617; baseline 0 0"><span class='ocrx_word' id='word_1_320' title='bbox 0 0 1568 4617; x_wconf 95' lang='lat' dir='ltr'><strong> </strong></span> 
     </span>
    </p>
   </div>
  </div>
 </body>
</html>
