3125 4617
673 538 830 592 morum
1059 512 1061 517 ’
1195 542 1258 606 183

136 649 168 689 rs.
184 647 299 689 cucone.
733 699 735 704 s
1182 650 1197 689 f.
1212 651 1273 692 reon.
1286 653 1302 692 f.
1317 655 1366 696 rso.

242 709 320 766 uiris
344 707 432 766 facile
454 707 630 781 praecipuus
653 739 697 746 —
720 708 799 766 enim
822 709 1016 784 geometricae
1039 727 1129 783 penes
1153 709 1257 770 Graios

242 798 360 874 primus
388 799 521 872 repertor
549 797 579 853 et
609 797 734 854 naturae
760 815 860 854 rorum
886 797 1066 856 certissimus
1090 799 1259 874 explorator

244 889 276 944 ct
309 887 458 943 astrorum
488 885 685 960 peritissimus
718 887 933 960 contemplator
961 919 1005 926 —
1035 887 1179 946 maximas
1210 908 1257 948 res

244 975 349 1051 paruis
366 974 454 1033 lineis
472 973 618 1049 repperit:
641 975 808 1049 temporum
827 974 964 1050 ambitus,
986 978 1143 1034 uentorum
1160 977 1257 1052 flatus,

215 1085 228 1125 s
246 1064 403 1122 stellarum
426 1065 550 1136 meatus,
572 1063 738 1121 tonitruum
761 1082 867 1122 sonora
885 1064 1037 1139 miracula,
1053 1065 1189 1123 ,siderum
1207 1067 1257 1125 ob-

245 1154 329 1227 liqua
357 1152 515 1226 curricula,
545 1151 616 1210 solis
640 1171 738 1210 annus
760 1152 950 1227 reuerticula,
975 1152 1076 1212 itidem
1097 1155 1186 1213 lunae
1208 1157 1258 1213 uel

247 1241 400 1300 nascentis
427 1242 608 1299 incrementa,
635 1240 684 1298 uel
711 1243 888 1300 senescentis
917 1240 1071 1318 dispendia
1093 1245 1142 1301 uel
1165 1243 1257 1302 delin-

247 1330 366 1405 quentis
390 1329 550 1388 obstacula.
586 1328 665 1386 idem
688 1348 758 1388 sane
780 1331 841 1387 iam
862 1331 990 1406 procliui
1011 1334 1161 1391 senectute
1182 1332 1257 1390 diui·
1283 1397 1287 1403 ,

246 1439 316 1477 nam
339 1419 487 1477 rationem
509 1417 545 1476 de
575 1419 636 1476 sole
667 1421 849 1478 commentus
880 1422 938 1493 est,
970 1440 1059 1495 quam
1085 1414 1095 1498 ΙΙ
1122 1421 1258 1496 equidem

203 1531 231 1569 ιο
246 1528 306 1566 uon
340 1507 430 1566 didici
459 1506 559 1580 modo,
590 1527 694 1565 uerum
726 1508 817 1566 etiam
848 1509 1027 1583 experiundo
1059 1511 1257 1585 comprobaui,

248 1597 385 1672 quotiens
418 1597 463 1654 sol
492 1595 696 1672 magnitudine
734 1615 788 1655 sua
824 1597 966 1654 circulum
1003 1618 1090 1673 quem
1125 1602 1258 1674 permeat

245 1686 397 1744 metietur.
448 1685 479 1742 id
511 1704 528 1742 s
560 1703 590 1743 se
621 1703 721 1744 reeens
751 1686 906 1744 inuentum
939 1686 1046 1746 Thales
1077 1691 1259 1747 memoratur

247 1775 397 1834 edocuisse
422 1773 632 1850 Mandraytum
654 1773 852 1848 Prienensem,
875 1774 927 1849 qui
949 1793 1028 1833 noua
1051 1777 1082 1832 et
1103 1777 1258 1852 inopinata

246 1863 416 1940 cognitione
439 1863 588 1938 impendio
612 1862 774 1921 delectatus
794 1865 896 1937 optare
914 1863 1011 1937 iussit,
1035 1867 1176 1938 quantam
1195 1867 1257 1923 uel-

203 1975 231 2014 15
245 1954 289 2011 let
312 1951 475 2011 mercedem
498 1952 555 2010 sibi
577 1971 631 2026 pro
659 1954 744 2009 tanto
773 1951 947 2011 documento
975 1953 1104 2027 rependi.
1150 1948 1258 2028 ‘satis',

246 2041 360 2118 inquit,
383 2036 469 2098 ‘mihi
490 2041 582 2098 fuerit
603 2040 753 2114 mercedis,
777 2035 898 2119 [Thales
922 2036 1053 2120 sapiens]
1078 2042 1103 2099 si
1125 2042 1157 2099 id
1180 2043 1258 2118 quod

185 2147 267 2199 (ema
289 2149 338 2188 me
361 2129 503 2203 didicisti,
527 2148 593 2188 cum
615 2130 746 2204 proferre
777 2129 814 2186 sd
845 2130 1000 2205 quospiam
1029 2132 1172 2205 coeperis,
1201 2132 1258 2190 tibi

246 2239 307 2278 non
331 2219 504 2292 adsoiueriS,
535 2217 586 2276 sed
616 2218 677 2277 eius
707 2219 824 2277 inuenti
852 2238 899 2276 me
925 2219 1025 2294 potius
1054 2239 1142 2294 quam
1166 2221 1258 2278 alium

246 2310 428 2383 repertorem
453 2302 653 2382 praedicaris?
698 2307 823 2381 pulchra
849 2327 959 2366 meroes
985 2326 1121 2382 prorsum
1144 2327 1178 2367 ac
1202 2310 1259 2366 tali

206 2419 233 2458 so
247 2398 314 2455 uiro
337 2397 429 2473 digna
452 2399 482 2454 et
503 2398 661 2471 perpetus:
690 2416 762 2454 uam
790 2399 820 2454 et
846 2397 878 2454 in
900 2396 1074 2455 hodiernum
1097 2415 1131 2455 ao
1154 2397 1258 2455 deinde

248 2505 365 2562 semper
396 2485 484 2544 Thali
513 2505 547 2544 ea
578 2503 688 2543 meroes
720 2486 907 2560 persoluetur
938 2486 975 2544 ab
1003 2486 1137 2545 omnibus
1165 2489 1259 2562 nobie,

250 2576 301 2650 qui
325 2576 388 2634 eius
412 2575 550 2633 caelestia
574 2574 673 2632 studia
695 2592 768 2632 uero
791 2574 991 2649 cognouimus.

315 2663 400 2723 Hanc
432 2683 486 2740 ego
519 2662 603 2722 uobis
634 2661 811 2737 mercedem,
847 2661 1118 2739 Carthaginienses
1149 2663 1258 2739 ubique

248 2753 382 2829 gentium
411 2752 543 2828 dependo
571 2770 626 2826 pro
656 2749 833 2825 disciplinis,
866 2771 938 2826 quas
970 2753 1002 2808 in
1032 2753 1161 2827 pueritia
1193 2773 1259 2812 sum

223 2841 329 2916 sapud
366 2860 419 2900 uos
457 2841 589 2916 adeptus.
644 2839 752 2914 ubique
790 2841 869 2898 enim
899 2860 947 2898 me
978 2843 1095 2900 uestrae
1127 2843 1258 2900 ciuitatis

250 2932 402 2988 alumnum
431 2931 507 3004 foro,
538 2929 648 3004 ubique
677 2947 731 2987 uos
764 2929 939 2988 omnimodis
969 2930 1106 2989 leudibus
1135 2930 1258 3003 celebro,

248 3022 364 3078 uestras
378 3019 549 3094 disciplinas
564 3018 724 3077 studiosius
738 3019 865 3092 percolo,
884 3021 998 3078 uestras
1018 3038 1087 3094 opes
1101 3020 1258 3095 gloriosius

322 3231 336 3277 1
370 3222 589 3292 geometriaep
626 3223 633 3304 j
673 3221 757 3276 Gaios
785 3223 841 3291 Pp
852 3223 860 3254 ¹
975 3229 990 3276 2
1023 3239 1076 3292 exp
1076 3223 1204 3294 lerator

249 3303 265 3349 3
286 3298 409 3349 aetorum
427 3294 463 3346 F²
566 3293 699 3347 tit1dem
718 3294 857 3348 Kromud
876 3295 935 3349 coll
957 3300 1016 3348 152.
1027 3301 1042 3347 9
1038 3241 1130 3348 xldtem
1150 3240 1204 3349 dor]
1188 3295 1259 3349 lotos

248 3367 325 3420 idem
350 3367 398 3435 Fq
488 3370 503 3417 7
529 3365 730 3436 delinquentis]
757 3365 948 3432 delinquentis
975 3367 1027 3435 Pp
1121 3371 1137 3418 8
1166 3365 1258 3420 obsta-

249 3439 324 3520 cula]
351 3437 490 3491 obsticula
512 3437 561 3505 Fp
651 3441 681 3489 9
690 3439 843 3505 cmotusq
849 3436 1008 3492 ¹omentue
1031 3436 1067 3507 φ’
1157 3442 1190 3490 10
1214 3453 1260 3490 ex-

248 3509 420 3578 periendop
474 3513 506 3560 13
525 3507 699 3561 Mandritum
717 3528 738 3576 φ
756 3510 759 3576 Ι
775 3507 974 3562 Priennensem
987 3509 1038 3577 Fp
1094 3513 1127 3561 16
1146 3508 1258 3575 (Thales

248 3581 375 3720 daniddldr]
389 3580 507 3706 asddduddd
502 3580 583 3762 rprr
593 3671 614 3719 φ
633 3668 666 3704 m.
683 3584 716 3703 1νῖ1
735 3594 842 3701 cepedds
854 3579 1095 3719 dadddddddsqu
1113 3585 1258 3717 prqupcqn

248 3775 385 3831 uerisKr.
403 3774 599 3844 {pulchan
601 3774 631 3827 ul
645 3775 723 3844 chre
742 3795 764 3842 φ
838 3779 872 3826 20
887 3774 964 3827 dein.
971 3775 1015 3828 uel
1034 3772 1099 3827 deiri
1116 3773 1138 3824 F
1157 3772 1259 3825 deinde

249 3846 400 3987 perdepipc
418 3847 501 3917 culpo
573 3852 606 3899 21
580 3792 757 3916 p'lhalyjl'
830 3851 864 3899 22
884 3845 998 3898 celestia
1019 3848 1144 3915 <pluere
1161 3844 1260 3916 compsi
