3125 4617
1343 306 1346 314 ’
1427 306 1430 386 l

323 495 375 570 '48
608 502 1066 559 emmerammenses

223 614 241 657 ι.
256 617 316 657 aaa.
330 614 345 653 r.
360 614 406 654 roa.
1289 612 1334 653 nu
1345 611 1430 660 oasa

331 676 363 733 in
391 672 496 748 quibus
523 672 554 731 id
586 690 677 749 genus
709 674 794 731 uaria
824 674 999 731 tractantur.
1046 691 1121 747 quae
1152 674 1239 731 tanta
1271 690 1343 731 cura

331 763 498 838 conquisita
527 764 553 820 si
581 762 737 822 honestum
767 764 798 820 et
826 762 987 838 gloriosum
1020 761 1082 820 illis
1114 762 1174 821 fuit
1204 760 1343 837 scribere,

331 871 383 911 cur
405 853 492 927 turpe
515 851 554 909 sit
581 849 665 908 nobis
693 848 839 925 experiri?
874 850 1050 926 praescium
1078 868 1146 909 cum
1175 850 1342 910 ordinatius

332 944 362 1000 et
380 940 535 1000 cohibilius
559 937 661 998 eadem
684 938 793 998 Graece
821 941 852 998 et
873 938 981 997 Latine
1011 938 1130 997 adnitar
1158 939 1342 999 conscribere

331 1033 361 1089 et
382 1030 414 1088 in
437 1028 571 1088 omnibus
595 1031 648 1086 aut
670 1030 779 1087 omissa
802 1028 955 1102 adquirere
978 1030 1031 1086 aut
1058 1026 1172 1086 defecta
1193 1029 1341 1103 supplere.
1370 1049 1383 1087 5

329 1118 509 1194 permittite,
539 1117 565 1175 si
588 1134 676 1191 opera
700 1120 760 1191 est,
791 1115 935 1192 quaedam
957 1116 1017 1193 legi
1047 1116 1083 1175 de
1109 1117 1234 1192 magieis
1256 1119 1342 1192 meis,

329 1211 364 1266 ut
394 1207 469 1265 sciat
498 1225 544 1264 me
573 1204 757 1264 Aemilianus
787 1197 874 1281 plura
904 1224 994 1280 quam
1022 1207 1112 1281 putat
1140 1224 1282 1280 quaerere
1312 1209 1343 1265 et

222 1310 239 1351 r.
254 1312 315 1353 nea
329 1294 430 1353 sedulo
463 1294 621 1370 explorare.
666 1313 773 1370 prome
799 1296 834 1352 tu
864 1292 974 1352 librum
1000 1312 1017 1352 e
1045 1293 1163 1353 Graecis
1192 1286 1197 1374 Ι
1226 1296 1311 1369 meis,
1332 1288 1342 1377 {fl

328 1378 396 1461 (si)
415 1401 487 1458 quos
505 1383 582 1441 forte
605 1382 662 1441 huc
686 1383 773 1441 amici
795 1384 929 1457 attulere,
955 1381 1011 1441 sed·
1029 1385 1129 1457 utique
1156 1384 1342 1442 naturalium

329 1472 543 1547 quaestionum,
566 1474 655 1547 atque
679 1490 746 1530 eum
767 1472 904 1544 maxime,
926 1472 959 1529 in
977 1490 1035 1546 quo
1053 1472 1142 1547 plura
1159 1470 1194 1529 de
1212 1471 1341 1547 piscium
1354 1492 1383 1531 ro

328 1580 433 1639 genere
464 1561 594 1619 tractata
630 1562 706 1619 sunt.
751 1560 887 1634 interea,
926 1560 995 1617 dum
1031 1560 1080 1618 hic
1116 1561 1246 1635 quaerit,
1285 1577 1412 1639 egoura)

330 1650 496 1724 exemplum
518 1649 560 1707 rei
583 1647 753 1725 competens
775 1648 883 1708 dixero.

219 1738 363 1799 XXXVII
415 1738 572 1813 Sophocles
595 1740 685 1812 poeta
707 1736 845 1813 Euripidi
868 1737 1000 1795 aemulus
1023 1738 1054 1795 et
1075 1739 1224 1813 superstes
1249 1729 1341 1819 (uixit

328 1828 407 1886 enim
430 1826 468 1885 ad
497 1828 656 1885 extremam
684 1818 862 1907 senectam),
892 1844 959 1885 cum
987 1826 1082 1902 igitur
1111 1829 1299 1885 accusaretur
1323 1848 1340 1885 a

326 1917 389 1974 filio
412 1918 527 1975 suomet
549 1909 730 1990 dementiae,
759 1916 844 1990 quasi
872 1915 933 1973 iam
955 1933 1009 1990 per
1031 1915 1160 1973 aetatem
1181 1914 1340 1991 desiperet,
1353 1936 1381 1976 15

325 2005 485 2080 protulisse
508 2005 616 2063 dicitur
641 1998 801 2063 Coloneum
824 2022 921 2079 suam,
943 2003 1148 2080 peregregiam
1169 2004 1340 2081 tragoedia-

325 2113 406 2168 rum,
437 2112 527 2168 quam
557 2094 635 2151 forte
662 2095 727 2151 tum
753 2093 785 2150 in
813 2112 847 2151 eo
871 2095 1004 2168 tempore
1028 2090 1243 2167 conscribebat,
1273 2112 1341 2152 eam

325 2181 471 2241 iudicibus
503 2181 609 2257 legisse
641 2199 695 2239 neo
729 2181 888 2256 quicquam
921 2182 1048 2256 amplius
1082 2200 1137 2257 pro
1168 2181 1340 2241 defensione

326 2291 380 2331 sua
403 2270 564 2345 addidisse,
593 2270 652 2329 nisi
681 2271 715 2327 ut
745 2269 884 2329 audacter
911 2270 1075 2329 dementiae
1100 2270 1340 2345 condemnarent,

326 2361 352 2419 si
381 2360 511 2419 carmina
541 2359 618 2417 senis
649 2357 847 2433 displicerent.
893 2358 935 2416 ibi
965 2378 1019 2435 ego
1050 2360 1213 2433 comperior
1242 2361 1381 2419 omnisao
1428 2415 1429 2422 ,

324 2448 435 2507 iudices
457 2449 543 2507 tanto
566 2447 671 2523 poetae
695 2446 906 2521 adsurrexisse,
933 2448 1017 2505 miris
1040 2445 1177 2505 laudibus
1201 2466 1270 2506 eum
1291 2451 1340 2507 tn·

320 2538 395 2596 lisso
418 2535 455 2595 ob
479 2535 645 2613 argumenti
667 2536 832 2594 sollertiam
854 2537 885 2594 et
902 2536 1078 2594 cothurnum
1096 2536 1262 2611 facundiae,
1285 2552 1430 2600 necuuna

324 2626 369 2684 ita
382 2626 510 2685 multum
524 2625 618 2683 omnis
633 2622 741 2683 afuisse
758 2626 829 2699 quin
844 2627 1044 2684 accusatorem
1057 2625 1157 2700 potius
1170 2625 1340 2685 dementiae

324 2714 561 2773 condemnarent.

392 2802 537 2861 Inuenisti
563 2804 598 2861 tu
625 2800 754 2861 librum?
784 2802 889 2861 beast'.
935 2802 1005 2861 cedo
1031 2802 1109 2860 enim
1142 2801 1340 2878 experiamur,
1354 2823 1381 2863 as

324 3042 429 3097 uuerui
442 3042 473 3095 iu
486 3042 517 3109 F,
531 3047 595 3111 post
612 3040 759 3095 innumera
777 3043 896 3111 quiaque
914 3042 965 3097 eiu.
985 3042 1087 3096 leuuca
1108 3042 1113 3112 1
1135 3042 1213 3095 reeta
1231 3042 1280 3110 Fa
1299 3043 1339 3109 cf.

324 3113 390 3167 Mat.
410 3112 474 3165 VIII
493 3118 526 3166 13
545 3130 571 3181 p.
593 3118 651 3167 rua.
664 3118 695 3166 11

396 3183 571 3237 lcohibilius
581 3184 663 3238 etium
673 3204 694 3252 φ
706 3182 709 3256 l
723 3182 891 3253 adnititurqi
929 3183 1092 3252 doperan
1101 3198 1202 3252 operae
1211 3184 1263 3238 Kr.
1275 3201 1338 3238 eum

324 3254 440 3309 Scriucr.
514 3260 529 3307 9
549 3254 595 3327 <si
618 3272 687 3322 quos
706 3256 823 3323 Lipsius
838 3258 842 3324 Ι
857 3254 956 3307 huc—
967 3254 1087 3309 attilere
1105 3255 1263 3309 dubitanter
1282 3256 1338 3310 Kr.

324 3325 547 3379 hic-habuere
566 3343 580 3380 c
599 3327 625 3380 d.
651 3328 655 3395 Ι
685 3326 735 3380 aed
752 3326 851 3393 utique
865 3327 923 3380 Kr.
942 3343 1004 3379 cuca
1021 3328 1099 3396 Lips.
1119 3325 1266 3392 sedulique
1285 3326 1339 3395 Fu>

326 3402 359 3450 16
388 3396 551 3450 colonaeum
577 3398 626 3466 sp
661 3399 665 3466 Ι
698 3396 895 3467 peregregiam
921 3397 970 3464 sa
1079 3402 1112 3451 18
1136 3395 1289 3463 quicquam
1314 3417 1338 3465 φ

327 3473 359 3521 19
379 3468 655 3537 condempnarcntu
728 3473 762 3521 20
781 3468 921 3535 comperio
946 3467 1067 3522 romanis
1086 3468 1108 3521 F
1127 3468 1268 3535 comperio
1291 3485 1337 3522 ro-

325 3546 443 3609 man,o⁸,
477 3541 514 3608 (cs
541 3542 573 3593 iu
605 3541 655 3609 lit.)
753 3545 786 3591 21
820 3538 1010 3593 adsurrexisse
1041 3540 1063 3591 Il
1096 3539 1281 3593 assurrexisse
1312 3559 1338 3608 φ

326 3616 360 3663 22
379 3612 525 3664 coturnum
543 3608 565 3663 F
584 3610 712 3665 cothurni
731 3610 893 3663 facundiam
912 3610 1037 3666 Fuluius
1109 3615 1143 3663 23
1162 3608 1214 3663 οἻΓ
1229 3609 1339 3665 afuisse

324 3734 345 3786 F
372 3734 460 3788 omnis
471 3695 602 3788 ,ugffflsse
699 3740 734 3787 24
759 3734 977 3788 condemnarent
1000 3734 1022 3786 F
1048 3733 1289 3801 condempnerent
1315 3755 1339 3805 φ

320 3810 359 3859 25
384 3805 540 3860 beastisic
564 3804 613 3873 Fa
643 3806 646 3873 Ι
677 3805 744 3858 cedo
773 3804 848 3858 enim
873 3821 934 3874 exp.
961 3806 1100 3860 Kroueub.
1125 3822 1187 3859 cum
1211 3804 1340 3860 Boescba

320 3876 393 3932 ‘eodo
410 3877 499 3935 enim:
519 3892 579 3943 exp.
600 3876 652 3929 Kr.
