3125 4617
636 516 819 572 recuccus
1192 521 1232 584 79

168 624 272 665 cusona.
1156 630 1171 669 r.
1187 631 1247 670 ure.
1261 619 1276 670 r‘.
1291 632 1339 671 rea.

216 684 413 744 uentitabant
442 685 580 743 scierunt.
626 686 742 762 lignum
765 705 783 744 a
806 707 853 745 me
882 690 947 747 toto
977 689 1086 765 oppido
1115 692 1145 748 et
1168 691 1233 765 qui·

217 775 289 832 dem
312 773 422 849 oppido
451 773 617 848 quaesitum
645 794 705 833 non
731 775 831 852 piguit
853 795 906 835 uos
930 777 1123 852 commentiri,
1146 798 1233 853 quem

217 863 333 922 afuisse
362 863 394 920 in
425 881 459 920 eo
487 864 620 938 tempore
651 862 748 938 scitis,
779 883 868 938 quem
896 865 1017 924 iussisse
1046 865 1110 924 fieri
1138 868 1233 960 quali-

219 970 339 1028 cunque
361 951 489 1009 materia
510 950 670 1026 probatum
694 955 747 1010 est.

191 1060 203 1100 s
290 1039 426 1099 Tertium
457 1039 643 1098 mendacium
679 1043 814 1099 uestrum
848 1043 924 1117 fuit,
960 1044 1151 1102 macilentam
1183 1043 1339 1103 uelLXlII

171 1129 343 1188 momnino
377 1128 570 1188 euisceratam
601 1129 728 1188 formam
761 1130 818 1188 din·
858 1131 1009 1190 cadaueris
1046 1131 1231 1209 fabricatam,

159 1234 203 1285 sm)
217 1236 342 1294 prorsus
371 1216 543 1276 hom'bilem
574 1221 604 1276 et
633 1217 787 1277 larualem.
832 1219 939 1295 quodsi
969 1223 1152 1296 compertum
1178 1222 1230 1280 ha·

217 1305 336 1365 bebetis
359 1309 424 1365 tam
447 1306 564 1365 arridens
588 1306 706 1383 signum
728 1308 859 1384 magiae,
888 1329 940 1368 cur
962 1310 1036 1368 mihi
1058 1313 1093 1369 ut
1115 1310 1230 1368 exhibe·

217 1415 283 1454 rem
306 1413 367 1454 non
397 1392 614 1453 denuntiastis?
651 1414 690 1453 an
717 1398 751 1454 ut
778 1399 905 1472 possetis
932 1399 963 1455 in
990 1418 1053 1457 rem
1080 1399 1232 1459 absentem

181 1507 205 1544 ro
218 1485 314 1543 libere
337 1482 478 1542 mentiri?
510 1484 593 1542 euius
621 1487 721 1543 tamen
743 1485 813 1544 falsi
844 1487 974 1545 facultas
1006 1488 1231 1564 opportunitate

219 1573 352 1650 quadam
390 1591 473 1631 meae
511 1573 729 1632 consuetudinis
766 1573 851 1634 uobis
883 1574 1023 1651 adempta
1055 1579 1107 1636 est.
1161 1595 1231 1635 nam

218 1681 334 1722 morem
356 1661 430 1719 mihi
451 1661 556 1735 babeo,
580 1680 697 1737 quoquo
722 1681 796 1736 eam,
822 1663 1013 1722 simulacrum
1035 1666 1160 1724 alicuius
1184 1666 1231 1724 dei

218 1752 299 1810 inter
321 1749 438 1810 libellos
462 1749 613 1808 conditum
635 1753 761 1826 gestare,
784 1752 869 1828 eique
893 1751 995 1812 diebus
1013 1754 1098 1812 festis
1115 1757 1181 1813 ture
1201 1757 1232 1813 et

219 1859 301 1899 mero
326 1842 357 1898 et
380 1838 540 1914 aliquando
564 1838 693 1898 uictimis
717 1841 892 1916 supplicare.
938 1841 1050 1900 dudum
1071 1861 1140 1920 ergo
1165 1862 1231 1901 cum

182 1950 205 1989 1⁵
219 1929 355 1988 audirem
384 1928 526 1986 sceletum
555 1947 700 2004 perquam
722 1929 889 2004 impudenti
914 1930 1066 1989 mendacio
1090 1931 1231 2003 dictitari,

219 2019 307 2092 iussi,
341 2017 487 2077 curriculo
510 2017 567 2074 iret
599 2017 708 2092 aliquis
739 2020 769 2076 et
793 2038 828 2077 ex
849 2019 979 2095 hospitio
1001 2038 1067 2078 meo
1090 2019 1230 2078 Mercuri·

221 2108 303 2165 olum
326 2106 454 2179 afferret,
478 2124 565 2180 quem
588 2105 662 2164 mihi
686 2105 862 2166 Saturninus
885 2109 942 2167 iste
965 2106 1044 2167 Oeae
1066 2107 1230 2167 fabricatus

221 2201 273 2255 est.
323 2194 394 2254 cedo
417 2196 452 2252 tu
476 2214 553 2268 eum,
576 2194 707 2268 uideant,
729 2197 860 2269 teneant,
884 2197 1076 2256 considerent.
1114 2216 1160 2254 em
1179 2215 1230 2255 uo-

220 2285 281 2358 bis,
312 2302 401 2359 quem
432 2282 572 2342 scelestus
603 2283 654 2341 ille
685 2284 827 2343 sceletum
856 2285 1036 2345 nominabat.
1082 2286 1230 2344 auditisne

182 2372 462 2432 proclamationem
492 2371 624 2430 omnium
656 2373 708 2447 qui
737 2372 867 2432 adsunt?
908 2374 1055 2433 auditisne
1084 2374 1230 2433 mendacii

218 2463 314 2521 uestri
342 2458 582 2521 damnationem?
628 2479 688 2519 non
717 2480 771 2521 uos
794 2465 841 2521 tot
864 2463 1079 2522 calumniarum
1108 2463 1229 2522 tandem

217 2548 380 2626 dispudet?
414 2549 528 2608 hiccine
552 2553 598 2608 est
620 2550 754 2624 sceletus,
776 2551 914 2610 haeccine
937 2555 983 2611 eet
1004 2553 1098 2626 larua,
1125 2546 1135 2630 11
1161 2552 1229 2612 hoc·
1244 2568 1258 2605 f.
1275 2569 1335 2607 118·-

218 2642 284 2698 cine
305 2641 350 2698 est
370 2638 450 2714 quod
469 2637 692 2713 appellitabatis
711 2638 919 2698 daemonium?
946 2642 1132 2718 magicumne
1150 2642 1231 2700 istud

292 2885 307 2931 2
326 2879 422 2948 quem]
440 2838 556 2946 que³que³
568 2878 616 2947 Fa
690 2884 705 2929 3
720 2877 825 2932 afuisse
839 2880 859 2931 l*
879 2879 1028 2950 affuissem
1102 2881 1228 2951 6111θυί-

217 2951 358 3004 socratam
381 2949 402 3001 F
425 2951 452 3019 (e
470 2950 502 3002 ia
526 2966 581 3004 rus.
599 2965 649 3003 scr.
669 2966 702 3003 m.
722 2950 766 3003 acl
785 2951 879 3018 prima
901 2953 946 3005 uel
973 2953 1100 3021 auique)
1129 2953 1134 3022 1
1165 2952 1228 3004 duri
1328 2953 1333 2962 ’

217 3021 273 3089 Fu
347 3026 361 3073 'l
381 3019 510 3073 lai-uilem
528 3020 576 3088 Fp
596 3021 637 3088 (iu
655 3041 677 3089 φ
696 3018 827 3074 laruilem
844 3039 877 3074 m.
898 3023 959 3075 tin
972 3039 1024 3092 mg.
1038 3024 1174 3091 repetiuit,
1192 3040 1226 3075 m.

218 3129 319 3217 suaa.
340 3121 362 3217 ἕ,
381 3161 527 3232 ramalem)
617 3163 711 3216 stam
734 3162 849 3216 amaena
867 3162 982 3232 rupeas
1004 3165 1064 3217 aa
1086 3162 1227 3216 maenas

218 3233 374 3287 enuidens
394 3254 415 3301 φ
471 3238 504 3286 10
523 3233 732 3303 opportunitate
750 3233 771 3286 F
791 3233 1025 3304 oportumitatep
1087 3239 1119 3287 12
1135 3249 1229 3300 ququo

217 3325 343 3412 uldin
431 3345 463 3393 13
481 3340 604 3408 thurea
696 3346 728 3393 14
747 3339 878 3393 uictimas
896 3340 945 3409 Pa
1036 3345 1069 3394 15
1088 3339 1226 3393 audires

219 3411 317 3468 audire
337 3432 359 3480 φ
375 3413 380 3480 1
397 3410 530 3464 sceletum
548 3411 570 3462 F
589 3411 741 3478 scelestum
759 3431 780 3478 φ
832 3415 865 3463 16
885 3409 987 3479 aliquis
1008 3413 1037 3465 et
1055 3427 1088 3465 ex
1106 3410 1229 3478 hospitio

219 3534 363 3603 l'aliquis
383 3551 416 3589 ex
434 3533 597 3605 hospitiop
689 3540 720 3588 17
741 3495 879 3588 astibus
965 3540 998 3588 18
1017 3536 1084 3590 cedo
1103 3538 1136 3588 tu
1154 3551 1226 3602 eum,

218 3607 337 3660 uideant
350 3607 437 3676 Beyte
451 3606 552 3660 cedotu
570 3622 633 3660 eum
651 3624 677 3659 u.
697 3606 748 3675 Pp
769 3605 845 3673 cedo,
864 3609 898 3660 ut
911 3606 962 3660 Kr.
980 3607 984 3678 1
1001 3622 1046 3660 em
1058 3607 1157 3674 scripsi
1169 3623 1230 3660 mou

219 3678 282 3747 Fp¹
309 3694 345 3732 en
365 3678 417 3733 Kr.
438 3680 482 3730 cni
506 3677 535 3745 (i.
555 3695 575 3732 e.
601 3693 644 3731 em
668 3678 700 3731 ia
730 3693 764 3730 en
794 3680 918 3747 corula
1027 3683 1059 3731 19
1083 3677 1229 3748 scelestus]

220 3820 339 3875 sceletus
358 3819 380 3872 F
453 3824 486 3871 22
505 3818 613 3874 hiccine
632 3820 681 3888 Fu
698 3820 702 3890 1
719 3787 839 3874 sceldtus
854 3820 876 3872 F
891 3821 1024 3874 scelestus
1039 3841 1060 3890 φ
1078 3823 1081 3889 1
1097 3819 1230 3874 haeccine

220 3892 240 3944 F
258 3891 343 3945 hcine
363 3910 385 3959 φ
404 3889 520 3944 hoccine
539 3891 587 3961 Fa
