3125 4617
318 533 382 598 100
595 530 625 585 ι,
644 528 777 584 navum
795 527 1057 584 nnolvanusrs

209 645 225 684 t
240 645 300 686 lile.
313 642 331 682 f.
344 643 391 684 ita
1278 639 1323 678 Ita
1335 633 1410 677 onds!

316 703 419 778 oerpta
441 703 472 760 st
494 699 531 758 ab
555 699 658 759 ordine
681 717 735 758 suo
762 699 901 776 seiugata
923 699 1010 774 quasi
1032 699 1248 759 confessionem
1270 721 1334 760 mu·

316 790 398 850 lieris
422 789 630 850 circumferens
654 790 685 848 et
706 787 888 848 Pontianum
914 787 1035 846 flentem
1062 805 1116 864 per
1141 789 1242 848 forum
1265 790 1334 848 dno·

316 883 399 956 tans,
427 879 519 956 uulgo
549 876 737 952 ostendebat,
766 877 849 953 ipsas
879 876 1015 935 mulieris
1044 876 1162 937 litteras
1191 878 1334 938 illatenus

318 989 380 1046 qna
401 969 463 1028 dixi
485 967 626 1045 legendas
648 965 820 1043 praebebat,
842 969 942 1025 ostsra
964 983 1056 1041 supra
1074 969 1105 1025 et
1123 968 1205 1025 infra
1223 968 1335 1028 scribta

211 1076 228 1118 ι.
243 1076 305 1118 assa.
318 1057 496 1120 occultabat.
540 1057 677 1132 turpiora
703 1073 877 1130 essequam
899 1057 934 1114 ut
956 1047 1193 1137 ostendebantur
1213 1056 1333 1117 dictita
1358 1071 1369 1112 ι

316 1149 383 1208 bat:
413 1147 487 1206 satis
517 1163 581 1205 esss
604 1145 818 1205 confessionem
846 1143 980 1203 mulieris
1003 1143 1040 1202 de
1062 1146 1165 1222 magia
1187 1147 1334 1222 cognosci.

318 1236 390 1314 quid
414 1232 552 1311 quaeris?
586 1234 748 1294 uerisimile
777 1232 915 1292 omnibus
942 1233 1055 1292 ιιιοιιιιιι
1085 1252 1162 1309 quae
1184 1236 1336 1314 purgandi

317 1328 377 1385 mei
399 1326 499 1402 gratia
521 1323 633 1398 scripta
656 1325 753 1398 erant,
781 1322 885 1381 eadem
906 1321 982 1380 mihi
1003 1323 1164 1382 immanem
1187 1324 1335 1384 inuidiam

319 1414 400 1491 apud
422 1413 576 1490 imperitos
599 1413 760 1471 concinere.
796 1410 940 1471 turbabat
961 1412 1096 1487 impurus
1119 1411 1168 1471 hio
1184 1413 1219 1471 in
1236 1414 1335 1474 medio

317 1505 383 1562 foro
400 1500 639 1576 bacchabundus,
657 1500 819 1577 epistulam
836 1519 926 1576 saepe
944 1501 1080 1575 aperiens
1097 1502 1334 1577 proquiritabat:
1347 1517 1371 1555 1⁰

319 1587 476 1667 ‘Apuleius
498 1608 619 1668 magus:
648 1590 722 1650 dicit
744 1590 812 1666 ipsa
830 1607 907 1690 quae
930 1590 1023 1649 sentit
1046 1591 1077 1649 et
1098 1591 1233 1666 patitur:
1263 1592 1334 1668 quid
1408 1638 1409 1693 ,

318 1681 414 1740 uultis
438 1674 598 1757 ampliusl’
635 1697 721 1740 nemo
745 1680 812 1737 erat
834 1679 886 1754 qui
907 1697 962 1754 pro
984 1698 1032 1736 me
1055 1679 1147 1738 ferret
1170 1697 1207 1739 ac
1225 1682 1269 1741 sio
1290 1701 1334 1740 re
1408 1698 1409 1723 ι

319 1770 490 1873 sponderet:
520 1764 628 1828 ‘totam
653 1768 738 1827 sodes
766 1767 928 1844 epistulam
955 1767 1040 1826 cedo:
1070 1768 1133 1827 sine
1161 1770 1265 1828 omnia
1290 1771 1335 1828 in-

227 1905 229 1910 ,
318 1861 451 1936 spiciam,
473 1853 536 1938 <ο>
557 1859 705 1935 principio
732 1857 771 1915 ad
799 1857 889 1915 linem
917 1851 1091 1934 perlegam?
1135 1858 1235 1918 multa
1256 1840 1409 1933 suntlddl

319 1968 395 2052 quae
416 1949 481 2008 sola
500 1949 620 2025 prolata
638 1947 806 2005 calumniae
824 1946 942 2022 possint
963 1945 1060 2005 uideri
1077 1945 1214 2006 obnoxia.
1256 1950 1335 2007 onia-
1341 1960 1369 2010 ,ιι

319 2041 365 2099 uis
388 2039 486 2098 oratio
507 2037 676 2097 insimulari
693 2038 807 2111 potest,
833 2036 861 2095 si
878 2053 914 2094 ea
933 2053 1011 2111 qnae
1034 2053 1070 2094 ex
1092 2035 1243 2111 prioribus
1261 2056 1335 2095 nexa

321 2131 392 2189 sunt
423 2128 570 2204 principio
603 2126 650 2184 sui
685 2124 893 2200 detrudentur,
929 2125 956 2184 si
987 2124 1134 2200 quaedam
1166 2144 1202 2184 ax
1235 2125 1410 2186 ordiner-⁹³⁸⁸

321 2218 499 2294 scriptorum
522 2215 561 2273 ad
578 2214 741 2273 lubidinem
765 2215 999 2290 supprimantur,
1021 2215 1048 2273 si
1071 2231 1147 2289 quae
1170 2215 1335 2275 simulatio·

320 2309 367 2366 nis
390 2324 480 2365 causa
502 2305 583 2364 diota
605 2305 677 2363 sunt
695 2303 899 2362 adseuerantis
917 2303 1161 2379 pronuntiatione
1184 2307 1335 2380 tamquam

321 2393 526 2471 exprobrantis
549 2386 697 2470 legantur.
738 2392 812 2451 haec
835 2395 865 2452 et
886 2392 919 2450 id
941 2410 1034 2470 genus
1057 2410 1093 2450 ea
1116 2410 1208 2468 quam
1230 2395 1370 2452 meriton

320 2486 392 2543 tune
415 2483 475 2542 dioi
496 2482 658 2559 potuerint,
680 2482 745 2558 ipsa
768 2482 840 2541 ordo
864 2482 1011 2558 epistsdae
1033 2475 1180 2541 ostendat

216 2571 371 2634 LXXXIII
437 2571 479 2630 At
500 2575 548 2647 tu,
571 2570 752 2645 Aemiliane,
778 2589 968 2649 recognosce,
1000 2588 1039 2628 an
1061 2574 1092 2628 et
1122 2571 1197 2630 haec
1222 2590 1337 2632 mecum

231 2679 248 2720 ι.
263 2680 311 2720 ιιι.
324 2662 435 2720 testato
456 2652 460 2741 Ι
480 2661 684 2736 descripseris:
713 2656 901 2739 βουλομένην
927 2658 983 2739 γάρ
1006 2680 1041 2738 με
1065 2651 1100 2718 δι’
1124 2656 1161 2731 ἃς
1184 2652 1271 2721 εἷπον
1293 2659 1337 2719 αἱ·

323 2749 387 2821 νίας
408 2753 598 2829 γαμηθῆναι,
625 2747 714 2820 αὐτὸς
742 2745 858 2821 ἔπεισας
885 2757 992 2810 τοῦτον
1014 2745 1080 2808 ἀντὶ
1104 2747 1225 2808 πάντων
1248 2749 1337 2830 αἱρεῖ-

323 2843 410 2917 σθαι,
433 2837 598 2917 θαυμάζων
626 2834 678 2898 τὸν
705 2833 803 2918 ἄνδρα
828 2836 879 2899 καὶ
905 2836 1081 2910 σπουδάζων
1107 2834 1200 2898 αὐτὸν
1228 2838 1336 2899 οἰκεῖον
1349 2853 1371 2895 ao

322 2928 396 3007 ὑμῖν
419 2919 455 2986 δι’
480 2924 554 3006 ἐμοῦ
576 2931 776 2989 ποιεῖσθαι.
814 2935 872 2988 νῦν
892 2923 923 2987 δὲ
946 2923 986 2998 ὡς
1009 2926 1154 3007 pompos*
1176 2923 1264 3005 ἡμῶν
1285 2950 1337 2988 au-

323 3016 447 3095 κοήθεις
474 3037 504 3077 τε
526 3013 758 3095 ἀναπείθουσιν,
787 3013 943 3092 αἰφνίδιον
965 3012 1077 3096 ἐγένετο
1103 3007 1255 3088 ’admolitur
1282 3015 1336 3096 poi-
1349 3026 1394 3081 (ιιι)

323 3129 386 3189 yos,
413 3103 463 3167 noti
485 3103 541 3186 ἐγὼ
564 3104 747 3186 μεμᾶγεομαι
770 3097 824 3164 ὑπ’
850 3103 943 3166 αὐτοῦ
965 3103 1015 3166 καὶ
1037 3102 1101 3186 ἐρῶ.
1146 3101 1258 3166 lasau
1281 3113 1337 3166 νῦν

324 3195 398 3276 πρὸς
421 3191 481 3276 ἐμέ,
504 3192 558 3268 ἕως
580 3192 621 3256 ἔτι
644 3201 800 3275 σωφρονῶ.

397 3347 538 3403 31ιιιοιοο
557 3348 606 3418 For
661 3344 844 3402 ascribtal'
897 3294 1105 3402 tocculblasblbll
1154 3345 1336 3419 ticinelrel

325 3472 468 3527 tbabatI*
548 3479 582 3527 10
600 3471 821 3526 bacchabundus
839 3469 862 3523 1⁴¹
888 3467 1134 3540 bachabnndnsp
1159 3474 1165 3541 Ι
1190 3471 1271 3542 epla³
1290 3473 1338 3541 F

326 3545 398 3600 idem
415 3561 456 3600 us
477 3549 510 3598 13
584 3548 617 3597 12
635 3543 785 3612 ferretFp
804 3542 911 3596 faceret
927 3555 990 3596 cum
1005 3542 1097 3598 Uolcis
1105 3543 1159 3597 Kr
1234 3550 1269 3598 14
1274 3543 1339 3668 (ιζ

327 3616 391 3671 add.
410 3616 464 3671 Kr.
537 3619 571 3669 15
590 3614 791 3686 οιιιιιιιριιιοφ
810 3611 991 3669 calumnias
1014 3616 1019 3683 1
1041 3613 1140 3669 uideri.
1177 3613 1302 3669 obnoxia

329 3692 362 3740 17
381 3686 646 3754 delrudentan¹o
738 3691 771 3740 18
769 3635 983 3753 q>libidinsmcp
1075 3690 1108 3739 19
1130 3687 1191 3739 tarn
1192 3701 1279 3753 qnam
1297 3687 1341 3742 uei

328 3756 410 3822 quasi
427 3758 576 3811 Acidalius
594 3755 747 3824 quame
766 3756 850 3823 quasi
864 3755 916 3809 Kr.
958 3761 992 3807 20
1011 3754 1069 3809 alia
1088 3756 1209 3810 Fulvius
1241 3763 1276 3810 21
1291 3775 1338 3827 po-

327 3827 442 3878 tusrunt
459 3824 505 3879 so
528 3828 681 3895 potuerant
702 3827 831 3896 (ataid.)
856 3843 877 3892 φ
902 3827 907 3892 Ι
932 3823 1037 3892 optol*
1127 3826 1339 3884 arachaeus

328 3912 357 3964 et
374 3926 424 3964 om.
445 3931 466 3980 φ
566 3916 678 3966 23-29
700 3911 807 3966 Gracco
825 3927 875 3965 om.
895 3912 1154 3982 osoylomelnon
1175 3903 1334 3972 ΓὰΡΜΕάιο
