3125 4617
1429 399 1431 445 l

321 515 384 579 146
598 514 627 568 a.
647 512 780 566 arvum
798 512 1058 567 umnmnnsra
1429 464 1431 574 i

211 627 227 666 r.
241 627 301 668 ram.
316 624 331 664 r.
346 625 393 666 rau.
1277 622 1320 663 ua.
1334 605 1431 757 oua*

318 684 390 743 licat
422 682 557 742 Socrates
589 685 737 742 tacentem
768 681 919 741 hominem
949 701 1010 740 non
1045 681 1181 741 uidebat:
1223 684 1387 747 etenim„

319 772 521 832 arbitrabatur
552 771 685 830 homines
717 788 777 829 non
802 771 962 831 oculomm
994 770 1046 830 aad
1074 772 1182 830 mentia
1210 773 1276 830 acia
1303 776 1333 831 et
1429 766 1430 785 ¹

319 861 411 921 animi
443 860 551 921 obtutu
582 859 819 920 considerandos.
863 879 917 919 nec
948 860 1008 919 ista
1035 879 1066 918 re
1094 879 1162 919 oum
1188 860 1332 920 Plautino

317 951 413 1010 milita
436 949 626 1027 congruebat,
649 949 768 1024 quiite
792 950 849 1008 ait:

383 1039 480 1116 pluris
504 1040 548 1098 est
575 1038 711 1097 oculatus
734 1039 821 1097 testis
844 1056 920 1096 unus
944 1057 1034 1114 quam
1057 1039 1149 1097 auriti
1172 1037 1284 1098 decem.
1359 1059 1373 1099 5

317 1130 408 1188 immo
432 1129 581 1188 enimuero
605 1127 683 1186 hunc
706 1145 826 1186 uersum
843 1127 896 1185 illc
915 1127 952 1184 ad
971 1126 1182 1186 examinandos
1196 1127 1333 1188 homines

318 1219 519 1278 conuerterat:

383 1306 478 1383 pluris
502 1308 547 1364 cst
570 1304 684 1363 auritus
707 1305 794 1363 testis
817 1323 893 1363 unus
917 1323 1008 1380 quam
1031 1305 1143 1364 oculati
1166 1305 1278 1364 decom.

317 1397 447 1460 oetemm
470 1395 496 1454 ai
518 1392 613 1472 magis
636 1393 784 1470 pollerent
806 1393 958 1453 oculorum
981 1413 1072 1469 quam
1094 1394 1189 1453 animi
1210 1393 1333 1468 iudicia,
1346 1411 1376 1460 (τ)
1429 1416 1430 1439 1

316 1485 448 1560 profacto
472 1481 509 1542 de
531 1483 678 1557 sapientia
696 1483 774 1541 foret
793 1483 912 1558 aquilae
931 1482 1155 1542 concedendum.
1196 1483 1332 1543 homines
1347 1504 1373 1542 ro
1429 1520 1430 1527 κ

317 1574 396 1632 anim
418 1591 513 1649 neque
536 1571 658 1648 longule
681 1571 788 1630 dissita
810 1591 906 1648 neque
932 1591 1076 1650 proxume
1103 1571 1204 1631 adsita
1228 1591 1331 1649 poaau-
1429 1604 1430 1635 ÷

316 1679 382 1720 mus
404 1655 415 1742 ΙΙ
437 1679 561 1736 cernere,
591 1679 695 1718 uerum
725 1678 826 1719 omnes
854 1659 984 1736 quodam
1014 1661 1102 1720 modo
1135 1662 1333 1720 caecutimua:

317 1751 401 1810 acsi
428 1750 467 1810 ad
494 1750 593 1809 oculos
622 1753 652 1809 et
684 1750 822 1809 obtutum
853 1750 946 1809 istum
977 1753 1126 1808 terrenum
1157 1749 1279 1827 redigas
1303 1755 1333 1809 et

316 1840 462 1916 hebetem,
494 1839 627 1917 profecto
656 1839 811 1898 uerissime
840 1843 930 1914 pocta
962 1840 1098 1916 egregius
1128 1838 1219 1915 dixit,
1248 1839 1333 1898 uelut

316 1929 456 1988 nebulam
478 1929 563 1988 nobis
594 1928 630 1987 ob
661 1928 763 1987 oculos
793 1927 929 2003 affusam,
958 1947 1013 1987 nec
1042 1947 1159 1987 cernere
1189 1946 1246 1988 nos
1274 1929 1333 1987 nisi
1347 1948 1373 1988 15
1429 1942 1430 1955 ¹

315 2019 396 2078 intra
418 2017 526 2093 lapidis
550 2017 663 2076 iactum
685 2017 793 2075 ualere.
829 2017 933 2092 aquila
956 2017 1107 2075 enimuero
1131 2035 1198 2075 cum
1223 2036 1255 2076 se
1278 2038 1330 2076 nu·
1346 2033 1376 2082 (a)

316 2107 398 2167 bium
420 2110 508 2166 tenus
536 2107 680 2166 altissime
710 2105 886 2165 sublimauit
916 2108 1018 2165 euecta
1048 2107 1104 2166 alis
1126 2108 1227 2164 totum
1250 2106 1332 2166 istud

316 2197 460 2274 spatium,
491 2214 550 2272 qua
579 2195 695 2273 pluitur
722 2196 752 2254 ct
779 2195 948 2272 ningmitur,
978 2195 1059 2254 ultra
1082 2195 1162 2270 quod
1190 2213 1332 2255 cacumen

316 2304 369 2344 neo
385 2285 506 2344 fulmini
528 2303 581 2344 nec
604 2284 717 2361 fulguri
738 2284 822 2342 locua
846 2284 900 2358 est,
922 2284 954 2341 in
976 2283 1053 2360 ipso,
1074 2287 1110 2343 ut
1131 2284 1177 2343 ita
1197 2284 1332 2358 dixerim,

316 2374 379 2434 solo
403 2374 530 2433 aetheris
554 2376 584 2433 ct
606 2373 728 2450 fastigio
751 2371 871 2431 hiemis:
894 2390 960 2430 cum
979 2374 1073 2450 igitur
1091 2391 1125 2431 eo
1145 2391 1208 2432 sese
1228 2374 1332 2450 aquila
1344 2394 1373 2433 ao

316 2463 436 2538 extulit,
468 2466 546 2523 nutu
577 2462 716 2521 clementi
748 2461 918 2520 laeuorsum
949 2462 998 2520 uel
1030 2461 1216 2521 dextrmsum
1243 2465 1330 2522 tanta

404 2654 420 2703 5
439 2648 530 2704 Plaut.
550 2648 660 2703 Trucnl.
679 2648 706 2702 Il
724 2654 748 2704 6,
759 2652 783 2702 8,

388 2726 420 2774 12
438 2719 519 2775 Hom.
538 2720 569 2774 Il.
590 2723 616 2774 Γ
633 2725 675 2777 12.

386 2903 402 2952 3
422 2898 522 2953 obtutu
540 2898 561 2951 F
587 2899 591 2968 Ι
615 2844 850 2968 Pladndimi'llite
868 2895 890 2949 F
909 2898 1060 2968 (separauit
1077 2903 1102 2952 et
1123 2898 1220 2954 iunxit
1239 2917 1273 2954 m.
1293 2901 1328 2968 r.)
1429 2880 1430 2943 s

313 2970 346 3024 io
364 2987 415 3042 my.
434 2969 540 3040 platin?
622 2975 637 3023 6
660 2969 746 3052 inuno
766 2989 788 3040 φ
813 2972 818 3037 Ι
843 2967 1054 3040 examinandos]
1078 2969 1275 3024 exammandaa
1293 2971 1329 3024 1¹¹

316 3061 513 3148 exammandoa
531 3112 565 3150 m.
586 3099 601 3148 3
621 3047 835 3189 οκΞεζιῃᾶηᾱοε
855 3113 877 3164 φ
961 3097 976 3145 7
996 3095 1174 3147 conuerterat
1192 3094 1243 3163 Εφ
1263 3111 1328 3149 con·
1429 3154 1430 3159 ἵ

314 3203 437 3257 uerteret
456 3201 507 3256 Kr.
527 3217 588 3257 cum
605 3201 755 3274 aeolicae,
774 3202 806 3255 tc
825 3221 847 3272 φ
866 3200 1042 3254 conuerterat
1060 3201 1202 3268 praecedit
1220 3201 1265 3255 ad.
1286 3217 1328 3255 ex.
1429 3180 1430 3237 ἶ

314 3327 388 3382 hom.
440 3331 472 3380 11
483 3325 640 3399 proximae
690 3331 722 3380 12
733 3326 877 3395 quoddam
889 3323 1004 3407 model*
1014 3284 1133 3396 quodtdj
1146 3324 1329 3399 modolcccu
1429 3344 1430 3359 ¹

314 3401 378 3522 {dmi
397 3399 430 3452 in
448 3416 503 3467 quc
521 3399 687 3482 cormpicitwr
705 3399 728 3468 a)
746 3397 832 3451 timus
850 3397 873 3449 F
891 3398 1085 3465 cacutrmnau
1143 3400 1176 3449 13
1196 3399 1329 3465 optutum
1429 3464 1430 3481 χ

342 3489 364 3540 φ
403 3468 576 3542 l<cuncta>
594 3469 706 3541 rcd1gaa
730 3469 826 3579 Roltrde
916 3472 949 3519 14
970 3467 1097 3535 poetal'
1125 3470 1154 3538 (a
1171 3484 1205 3522 ex
1223 3483 1240 3521 c
1257 3484 1328 3523 con.
1429 3492 1430 3541 ,

314 3593 383 3662 uec.)
482 3598 514 3646 15
537 3593 669 3648 0o00u10s
697 3551 951 3660 r²²¹¹0ioeu10sa
1051 3595 1085 3645 rr
1112 3553 1279 3648 stemate
1306 3592 1329 3646 r

315 3715 518 3787 sublimabat
610 3722 642 3771 19
661 3675 989 3812 ne,0,2,f,umm,r,{
1008 3716 1051 3785 ri
1071 3720 1105 3772 ua
1122 3717 1165 3772 ra
1184 3676 1329 3787 siban

315 3827 349 3875 20
367 3821 468 3942 Ιιὶἕωὶε
486 3823 546 3877 cdd.
567 3820 638 3874 aeria
657 3820 763 3885 Rohde,
781 3826 864 3885 recte,
885 3823 957 3889 qiud
974 3822 1085 3878 uidebor
1175 3830 1210 3879 21
1238 3824 1329 3880 lancr-

315 3907 377 3944 sum
