3125 4617
359 573 399 636 86
633 573 662 626 u.
682 571 814 624 levum
832 571 1089 627 unoavanrsrs
1315 550 1317 554 ’
1384 594 1407 745 p

1305 680 1343 718 sd.
1355 679 1383 717 On

249 683 266 723 r.
280 686 340 725 rrae.
354 683 370 721 r.
384 683 430 721 rra.

248 758 263 797 r.
281 761 341 799 1192.
359 760 422 800 earn
453 733 616 822 conciliare
646 739 784 803 studebat
814 741 922 796 iterum
953 739 1014 798 filio
1046 759 1100 799 suo
1133 737 1244 797 Sicinio
1275 737 1353 798 Olaro

357 849 448 906 eoque
471 833 582 888 ceteros
605 846 708 904 procos
732 827 927 900 absterrebat3
951 831 981 886 et
1002 832 1156 904 praeterea
1178 826 1353 898 minabatur,

355 921 381 979 si
405 919 531 978 extrario
553 917 709 990 nubsisset,
731 916 805 973 nihil
829 934 859 973 se
878 915 946 974 filiis
970 916 1033 975 eius
1053 936 1088 975 ex
1105 917 1239 990 paternis
1257 935 1353 974 eorum

354 1009 438 1066 bonis
461 1008 637 1066 testamento
659 1005 839 1062 relicturum.
885 1023 974 1078 quam
997 1005 1197 1064 condicionem
1221 1023 1289 1062 cum
1307 1003 1352 1062 ob·

356 1097 464 1154 stinate
478 1093 660 1170 propositam
674 1092 789 1150 uideret
811 1093 917 1150 mulier
931 1095 1048 1168 sapiens
1063 1096 1093 1152 et
1108 1092 1225 1170 egregie
1239 1095 1298 1168 pia,
1320 1113 1352 1150 ne
1375 1113 1383 1148 s

355 1185 427 1260 quid
450 1183 519 1240 filiis
543 1183 603 1240 suis
627 1200 660 1240 eo
684 1181 801 1239 nomine
823 1181 1062 1255 incommodaret,
1084 1183 1158 1240 facit
1177 1181 1296 1257 quidem
1313 1185 1352 1239 ta-

353 1273 439 1330 bulas
463 1270 611 1328 nubtiales
640 1288 706 1327 cum
734 1288 792 1344 quo
819 1269 975 1327 iubebatur
1004 1265 1084 1348 [cum
1108 1270 1220 1328 Sicinio
1245 1265 1353 1347 Olaro]:

354 1379 458 1418 uerum
486 1359 636 1417 enimuero
666 1360 760 1416 uariis
789 1357 1031 1416 turbationibus
1059 1360 1180 1432 nuptias
1209 1359 1301 1417 eludit
1322 1378 1353 1415 eo

355 1448 392 1505 ad
416 1447 486 1504 dum
508 1465 667 1522 puerorum
691 1465 762 1504 auus
789 1446 852 1505 fato
876 1446 1034 1520 concessit,
1063 1447 1175 1506 relictis
1202 1446 1273 1507 filiis
1295 1448 1352 1505 eius

354 1536 523 1594 heredibus:
547 1535 591 1593 ita
612 1538 647 1593 ut
669 1533 847 1607 Pontianus,
875 1535 926 1609 qui
948 1535 1043 1593 maior
1065 1538 1138 1593 natu
1167 1539 1245 1609 erat,
1272 1535 1384 1593 fratria

248 1626 343 1685 LXIX
356 1643 410 1684 suo
433 1626 515 1682 tutor
538 1626 622 1682 esset.
669 1641 701 1680 eo
729 1623 868 1699 scrupulo
896 1623 1022 1682 liberata
1045 1641 1111 1681 oum
1134 1643 1152 1682 a
1175 1623 1351 1701 principibus
1363 1636 1399 1683 (54²

355 1713 429 1772 uiris
452 1714 483 1771 in
506 1713 726 1771 matrimonium
752 1713 918 1787 peteretur,
949 1711 1079 1770 decreuit
1107 1712 1162 1771 sibi
1195 1713 1304 1771 diutius
1324 1712 1352 1768 in

355 1801 502 1860 uiduitate
534 1819 593 1859 non
625 1800 868 1876 permanendum:
902 1801 1012 1875 quippe
1044 1803 1078 1858 ut
1104 1801 1275 1860 solitudinis
1295 1803 1351 1858 tae·

355 1889 436 1949 dium
462 1891 577 1966 perpeti
606 1892 718 1965 posset,
749 1891 849 1947 tamen
880 1888 1093 1965 aegritudinem
1122 1890 1254 1965 corporis
1283 1890 1351 1947 ferre

354 1998 413 2038 non
436 1982 561 2054 poterat.
606 1978 714 2035 mulier
737 1979 837 2036 sancte
864 1977 988 2052 pudica,
1017 1981 1064 2036 tot
1091 1978 1175 2036 annis
1203 1977 1351 2036 uiduitatis
1363 1995 1382 2031 15

356 2069 418 2128 sine
442 2068 541 2142 culpa,
571 2067 633 2126 sine
665 2065 780 2139 fabula,
812 2065 1002 2124 desuetudine
1030 2065 1163 2142 coniugis
1187 2069 1305 2142 torpens
1326 2068 1351 2122 et
1405 2060 1406 2093 f

356 2157 470 2216 diutino
494 2157 553 2214 situ
576 2156 722 2214 uiscerum
750 2155 862 2227 saucia,
889 2153 1004 2212 uitiatis
1031 2154 1144 2212 intimis
1172 2156 1250 2213 uten'
1272 2172 1350 2228 saepe

357 2245 395 2303 ad
418 2248 579 2303 extremum
608 2243 688 2302 uitae
716 2242 873 2301 discrimen
899 2242 1049 2302 doloribus
1078 2241 1189 2301 obortis
1213 2240 1350 2303 exanima·

353 2333 449 2391 batur.
494 2331 600 2390 medici
632 2351 700 2390 curn
733 2330 937 2390 obstetricibus
967 2330 1205 2405 consentiebant,
1235 2331 1396 2407 penuriae-²³l

354 2421 536 2479 matrimonii
567 2420 700 2478 morbum
734 2420 915 2494 quaesitum,
940 2419 1061 2477 *malum
1089 2419 1121 2476 in
1151 2419 1214 2479 dies
1248 2420 1381 2497 augeria

355 2508 570 2585 aegritudinem
597 2509 814 2586 ingrauescere:
846 2509 915 2566 dum
943 2507 1048 2566 aetatis
1076 2507 1192 2582 aliquid
1220 2508 1349 2584 supersit,

312 2615 315 2620 ’
354 2597 465 2654 nubtiis
498 2597 701 2655 ualetudinem
734 2597 946 2655 medicandum.
997 2595 1151 2654 consilium
1184 2597 1264 2655 istud
1292 2615 1351 2655 cum

357 2685 409 2743 alii
434 2685 614 2760 approbant,
644 2688 708 2743 tum
734 2687 860 2743 maxime
884 2684 1066 2744 Aemilianus
1093 2685 1165 2758 iste,
1196 2685 1247 2761 qui
1269 2684 1351 2760 paulo

428 2959 561 3012 litorum
576 2959 654 3014 Riese
674 2960 862 3027 ceterume
892 2964 896 3028 Ι
925 2959 982 3014 filio
1007 2977 1055 3013 suo
1074 2961 1092 3012 ὃ
1114 2958 1185 3012 filios
1209 2977 1259 3012 suo
1273 2960 1319 3027 Fp
1345 2957 1349 3026 1

355 3083 518 3166 Sicinniop
622 3031 850 3136 umilallna'tdrr
958 3083 1132 3137 3nubsisset
1150 3083 1171 3135 F
1190 3084 1350 3152 nupsissep

354 3216 371 3261 4
391 3167 577 3263 condilldnem
591 3206 612 3259 F
626 3207 853 3288 eondicionemcp
926 3212 941 3260 6
955 3207 1026 3261 facit
1038 3209 1060 3260 F
1078 3167 1146 3262 liliis
1163 3228 1185 3275 φ
1260 3205 1351 3261 inub-

353 3279 438 3332 tiales
452 3279 473 3331 F
490 3283 494 3347 Ι
510 3279 586 3349 [cum
605 3277 708 3333 Sicinio
723 3276 822 3348 Claro]¹
834 3279 926 3332 seclus.
947 3278 998 3332 Kr.
1018 3295 1079 3332 ema
1091 3279 1211 3333 Bruttio
1275 3284 1291 3333 8
1308 3292 1350 3330 ua-

354 3350 403 3403 riis
422 3351 499 3419 Lips.
515 3352 568 3405 Kr.
587 3349 669 3402 uanis
688 3349 736 3418 Fp
761 3351 765 3417 Ι
795 3364 827 3402 eo
846 3348 883 3400 ad
901 3347 950 3417 Fp
969 3347 1039 3402 adeo
1059 3348 1110 3403 Kr.
1202 3349 1351 3420 riegrim

355 3433 478 3555 dindmlF
497 3477 535 3544 (nr
552 3491 585 3528 m.
605 3474 686 3528 acide
703 3473 765 3540 rer.)
852 3477 885 3524 16
904 3471 1087 3554 desuetudine
1106 3472 1222 3527 Ouaoab.
1241 3475 1277 3540 of.
1296 3471 1351 3552 Flo·

354 3544 418 3597 nda
433 3550 465 3598 79
480 3543 511 3599 0.
526 3562 553 3613 p.
569 3550 611 3599 26.
623 3549 655 3598 15
674 3544 720 3598 Kr.
742 3542 913 3597 ‘desuetudo
925 3543 1052 3597 omnibus
1070 3543 1223 3613 pigritiam,
1242 3544 1351 3614 pigrius

325 3689 330 3704 ἱ
353 3617 500 3668 ueternum
531 3616 631 3684 parit’3
668 3613 846 3669 assuetudine
877 3613 927 3682 Fp
960 3615 1001 3684 (ia
1028 3614 1050 3666 F
1077 3615 1198 3669 ulmae
1231 3615 1265 3669 ia
1291 3614 1348 3680 ras.)

357 3743 389 3790 17
407 3722 449 3805 ut]
469 3758 490 3805 φ
563 3743 596 3790 18
616 3740 796 3807 εκὴῐθωὼω
814 3737 835 3788 F
854 3740 883 3806 (u
896 3737 928 3790 irs
940 3739 1004 3805 ras.)
1024 3699 1175 3791 extrenldln
1194 3758 1215 3807 φ
1232 3742 1237 3806 Ι
1253 3739 1316 3792 uiae
1333 3756 1350 3804 φ

356 3863 389 3909 22
417 3857 521 3910 nubtiis
549 3859 570 3910 F
598 3858 703 3925 nuptiis
732 3878 753 3925 φ
782 3860 787 3923 Ι
816 3807 1007 3911 ualdtdfflm
1033 3860 1054 3911 F
1086 3860 1275 3916 ualitudinem
1301 3883 1320 3930 φ
1347 3861 1350 3927 l

353 3926 551 3979 medicandum
569 3927 617 3994 Fcp
690 3931 722 3977 23
742 3924 900 3992 approbant
918 3927 940 3979 F
958 3928 1154 3996 approbabant
1173 3952 1194 3998 φ
