<?xml version="1.0" encoding="UTF-8"?>
<!DOCTYPE html PUBLIC "-//W3C//DTD XHTML 1.0 Transitional//EN"
    "http://www.w3.org/TR/xhtml1/DTD/xhtml1-transitional.dtd">
<html xmlns="http://www.w3.org/1999/xhtml" xml:lang="en" lang="en">
 <head>
  <title>
</title>
<meta http-equiv="Content-Type" content="text/html;charset=utf-8" />
  <meta name='ocr-system' content='tesseract 3.04.00' />
  <meta name='ocr-capabilities' content='ocr_page ocr_carea ocr_par ocr_line ocrx_word'/>
</head>
<body>
  <div class='ocr_page' id='page_1' title='image "./lveiiapvleimada00apulgoog_0046.png"; bbox 0 0 3125 4617; ppageno 0'>
   <div class='ocr_carea' id='block_1_1' title="bbox 315 458 1131 574">
    <p class='ocr_par' dir='ltr' id='par_1_1' title="bbox 315 458 1131 574">
     <span class='ocr_line' id='line_1_1' title="bbox 315 458 1131 574; baseline -0.002 -13"><span class='ocrx_word' id='word_1_1' title='bbox 315 511 358 574; x_wconf 79' lang='lat'><strong>26</strong></span> <span class='ocrx_word' id='word_1_2' title='bbox 591 509 620 563; x_wconf 84' lang='lat' dir='ltr'><strong>c.</strong></span> <span class='ocrx_word' id='word_1_3' title='bbox 639 506 773 560; x_wconf 75' lang='lat' dir='ltr'><strong>sevum</strong></span> <span class='ocrx_word' id='word_1_4' title='bbox 790 504 1050 560; x_wconf 76' lang='lat' dir='ltr'><strong>nmuvcsusis</strong></span> <span class='ocrx_word' id='word_1_5' title='bbox 1128 458 1131 463; x_wconf 29' lang='lat'><em>⁵</em></span> 
     </span>
    </p>
   </div>
   <div class='ocr_carea' id='block_1_2' title="bbox 207 617 1414 752">
    <p class='ocr_par' dir='ltr' id='par_1_2' title="bbox 207 617 1414 752">
     <span class='ocr_line' id='line_1_2' title="bbox 207 617 1414 666; baseline -0.001 -7"><span class='ocrx_word' id='word_1_6' title='bbox 207 621 223 659; x_wconf 77' lang='lat' dir='ltr'><strong>e.</strong></span> <span class='ocrx_word' id='word_1_7' title='bbox 238 623 298 661; x_wconf 66' lang='lat' dir='ltr'><strong>roes.</strong></span> <span class='ocrx_word' id='word_1_8' title='bbox 312 619 328 659; x_wconf 76' lang='lat' dir='ltr'><strong>r.</strong></span> <span class='ocrx_word' id='word_1_9' title='bbox 342 619 376 659; x_wconf 71' lang='lat' dir='ltr'><strong>sa.</strong></span> <span class='ocrx_word' id='word_1_10' title='bbox 1274 617 1318 657; x_wconf 80' lang='lat' dir='ltr'><strong>uc.</strong></span> <span class='ocrx_word' id='word_1_11' title='bbox 1333 617 1414 666; x_wconf 54' lang='lat' dir='ltr'><strong>ouum</strong></span> 
     </span>
     <span class='ocr_line' id='line_1_3' title="bbox 314 676 1331 752; baseline -0.001 -15"><span class='ocrx_word' id='word_1_12' title='bbox 314 678 352 738; x_wconf 92' lang='lat' dir='ltr'><strong>ad</strong></span> <span class='ocrx_word' id='word_1_13' title='bbox 374 676 479 735; x_wconf 91' lang='lat' dir='ltr'><strong>uillam</strong></span> <span class='ocrx_word' id='word_1_14' title='bbox 505 676 655 752; x_wconf 90' lang='lat' dir='ltr'><strong>publicam</strong></span> <span class='ocrx_word' id='word_1_15' title='bbox 681 677 819 749; x_wconf 86' lang='lat' dir='ltr'><strong>uenerat,</strong></span> <span class='ocrx_word' id='word_1_16' title='bbox 845 693 952 749; x_wconf 86' lang='lat' dir='ltr'><strong>parum</strong></span> <span class='ocrx_word' id='word_1_17' title='bbox 979 676 1077 733; x_wconf 89' lang='lat' dir='ltr'><strong>uisum</strong></span> <span class='ocrx_word' id='word_1_18' title='bbox 1100 676 1157 750; x_wconf 89' lang='lat' dir='ltr'><strong>&#39;qui</strong></span> <span class='ocrx_word' id='word_1_19' title='bbox 1183 678 1331 751; x_wconf 90' lang='lat' dir='ltr'><strong>uteretur,</strong></span> 
     </span>
    </p>
   </div>
   <div class='ocr_carea' id='block_1_3' title="bbox 313 759 1414 1107">
    <p class='ocr_par' dir='ltr' id='par_1_3' title="bbox 313 759 1414 1023">
     <span class='ocr_line' id='line_1_4' title="bbox 314 759 1414 842; baseline -0.003 -17"><span class='ocrx_word' id='word_1_20' title='bbox 314 767 433 827; x_wconf 90' lang='lat' dir='ltr'><strong>iussisse</strong></span> <span class='ocrx_word' id='word_1_21' title='bbox 456 765 529 825; x_wconf 94' lang='lat' dir='ltr'><strong>duos</strong></span> <span class='ocrx_word' id='word_1_22' title='bbox 552 782 658 842; x_wconf 91' lang='lat' dir='ltr'><strong>pueros</strong></span> <span class='ocrx_word' id='word_1_23' title='bbox 681 763 713 822; x_wconf 92' lang='lat' dir='ltr'><strong>in</strong></span> <span class='ocrx_word' id='word_1_24' title='bbox 741 765 807 822; x_wconf 89' lang='lat' dir='ltr'><strong>foro</strong></span> <span class='ocrx_word' id='word_1_25' title='bbox 830 762 866 821; x_wconf 91' lang='lat' dir='ltr'><strong>de</strong></span> <span class='ocrx_word' id='word_1_26' title='bbox 895 781 997 822; x_wconf 92' lang='lat' dir='ltr'><strong>mensa</strong></span> <span class='ocrx_word' id='word_1_27' title='bbox 1019 764 1091 837; x_wconf 91' lang='lat' dir='ltr'><strong>emi,</strong></span> <span class='ocrx_word' id='word_1_28' title='bbox 1120 782 1170 823; x_wconf 92' lang='lat' dir='ltr'><strong>eos</strong></span> <span class='ocrx_word' id='word_1_29' title='bbox 1194 759 1414 841; x_wconf 62' lang='lat' dir='ltr'><strong>quinqueuiri</strong></span> 
     </span>
     <span class='ocr_line' id='line_1_5' title="bbox 313 851 1332 932; baseline -0.002 -17"><span class='ocrx_word' id='word_1_30' title='bbox 313 858 345 914; x_wconf 94' lang='lat' dir='ltr'><strong>in</strong></span> <span class='ocrx_word' id='word_1_31' title='bbox 368 855 546 932; x_wconf 78' lang='lat' dir='ltr'><strong>Hispaniam</strong></span> <span class='ocrx_word' id='word_1_32' title='bbox 573 852 698 911; x_wconf 89' lang='lat' dir='ltr'><strong>duxisse.</strong></span> <span class='ocrx_word' id='word_1_33' title='bbox 742 852 815 911; x_wconf 88' lang='lat' dir='ltr'><strong>haec</strong></span> <span class='ocrx_word' id='word_1_34' title='bbox 837 851 955 910; x_wconf 90' lang='lat' dir='ltr'><strong>Pudens</strong></span> <span class='ocrx_word' id='word_1_35' title='bbox 982 854 1009 910; x_wconf 93' lang='lat' dir='ltr'><strong>si</strong></span> <span class='ocrx_word' id='word_1_36' title='bbox 1037 853 1173 929; x_wconf 82' lang='lat' dir='ltr'><strong>legisset,</strong></span> <span class='ocrx_word' id='word_1_37' title='bbox 1204 856 1239 912; x_wconf 90' lang='lat' dir='ltr'><strong>ut</strong></span> <span class='ocrx_word' id='word_1_38' title='bbox 1262 874 1332 913; x_wconf 89' lang='lat' dir='ltr'><strong>mea</strong></span> 
     </span>
     <span class='ocr_line' id='line_1_6' title="bbox 314 940 1331 1023; baseline -0.002 -19"><span class='ocrx_word' id='word_1_39' title='bbox 314 945 415 1023; x_wconf 91' lang='lat' dir='ltr'><strong>opinio</strong></span> <span class='ocrx_word' id='word_1_40' title='bbox 438 946 495 1018; x_wconf 89' lang='lat' dir='ltr'><strong>est,</strong></span> <span class='ocrx_word' id='word_1_41' title='bbox 525 944 577 1001; x_wconf 93' lang='lat' dir='ltr'><strong>aut</strong></span> <span class='ocrx_word' id='word_1_42' title='bbox 607 942 726 1000; x_wconf 91' lang='lat' dir='ltr'><strong>omnino</strong></span> <span class='ocrx_word' id='word_1_43' title='bbox 754 941 824 999; x_wconf 92' lang='lat' dir='ltr'><strong>huic</strong></span> <span class='ocrx_word' id='word_1_44' title='bbox 845 940 1003 999; x_wconf 86' lang='lat' dir='ltr'><strong>maledicto</strong></span> <span class='ocrx_word' id='word_1_45' title='bbox 1026 941 1252 1018; x_wconf 77' lang='lat' dir='ltr'><strong>supersedisset,</strong></span> <span class='ocrx_word' id='word_1_46' title='bbox 1276 947 1331 1004; x_wconf 87' lang='lat' dir='ltr'><strong>aut</strong></span> 
     </span>
    </p>

    <p class='ocr_par' dir='ltr' id='par_1_4' title="bbox 313 1030 1368 1107">
     <span class='ocr_line' id='line_1_7' title="bbox 313 1030 1368 1107; baseline 0 -14"><span class='ocrx_word' id='word_1_47' title='bbox 313 1036 344 1092; x_wconf 94' lang='lat' dir='ltr'><strong>in</strong></span> <span class='ocrx_word' id='word_1_48' title='bbox 367 1033 462 1092; x_wconf 87' lang='lat' dir='ltr'><strong>tribus</strong></span> <span class='ocrx_word' id='word_1_49' title='bbox 490 1032 582 1091; x_wconf 88' lang='lat' dir='ltr'><strong>seruis</strong></span> <span class='ocrx_word' id='word_1_50' title='bbox 611 1030 833 1089; x_wconf 88' lang='lat' dir='ltr'><strong>multitudinem</strong></span> <span class='ocrx_word' id='word_1_51' title='bbox 864 1030 1005 1088; x_wconf 88' lang='lat' dir='ltr'><strong>comitum</strong></span> <span class='ocrx_word' id='word_1_52' title='bbox 1037 1030 1206 1107; x_wconf 88' lang='lat' dir='ltr'><strong>philosophi</strong></span> <span class='ocrx_word' id='word_1_53' title='bbox 1238 1051 1331 1107; x_wconf 91' lang='lat' dir='ltr'><strong>quam</strong></span> <span class='ocrx_word' id='word_1_54' title='bbox 1356 1053 1368 1093; x_wconf 82' lang='lat' dir='ltr'><strong>s</strong></span> 
     </span>
    </p>
   </div>
   <div class='ocr_carea' id='block_1_4' title="bbox 207 1118 1417 2795">
    <p class='ocr_par' dir='ltr' id='par_1_5' title="bbox 314 1118 910 1200">
     <span class='ocr_line' id='line_1_8' title="bbox 314 1118 910 1200; baseline -0.012 -18"><span class='ocrx_word' id='word_1_55' title='bbox 314 1123 494 1200; x_wconf 70' lang='lat' dir='ltr'><strong>paucitatem</strong></span> <span class='ocrx_word' id='word_1_56' title='bbox 516 1118 726 1195; x_wconf 84' lang='lat' dir='ltr'><strong>reprehendere</strong></span> <span class='ocrx_word' id='word_1_57' title='bbox 748 1119 910 1177; x_wconf 89' lang='lat' dir='ltr'><strong>maluisset.</strong></span> 
     </span>
    </p>

    <p class='ocr_par' dir='ltr' id='par_1_6' title="bbox 207 1206 1394 1640">
     <span class='ocr_line' id='line_1_9' title="bbox 207 1206 1332 1285; baseline -0.002 -15"><span class='ocrx_word' id='word_1_58' title='bbox 207 1211 317 1270; x_wconf 53' lang='lat' dir='ltr'><strong>XVIII¹</strong></span> <span class='ocrx_word' id='word_1_59' title='bbox 380 1210 463 1268; x_wconf 89' lang='lat' dir='ltr'><strong>Idem</strong></span> <span class='ocrx_word' id='word_1_60' title='bbox 488 1208 562 1266; x_wconf 92' lang='lat' dir='ltr'><strong>mihi</strong></span> <span class='ocrx_word' id='word_1_61' title='bbox 590 1209 680 1267; x_wconf 90' lang='lat' dir='ltr'><strong>etiam</strong></span> <span class='ocrx_word' id='word_1_62' title='bbox 705 1209 913 1284; x_wconf 76' lang='lat' dir='ltr'><strong>paupertatem</strong></span> <span class='ocrx_word' id='word_1_63' title='bbox 940 1206 1145 1282; x_wconf 90' lang='lat' dir='ltr'><strong>obprobrauit,</strong></span> <span class='ocrx_word' id='word_1_64' title='bbox 1173 1212 1332 1285; x_wconf 85' lang='lat' dir='ltr'><strong>acceptum</strong></span> 
     </span>
     <span class='ocr_line' id='line_1_10' title="bbox 312 1295 1330 1375; baseline 0.002 -19"><span class='ocrx_word' id='word_1_65' title='bbox 312 1297 489 1375; x_wconf 85' lang='lat' dir='ltr'><strong>philosopho</strong></span> <span class='ocrx_word' id='word_1_66' title='bbox 517 1298 626 1355; x_wconf 86' lang='lat' dir='ltr'><strong>crimen</strong></span> <span class='ocrx_word' id='word_1_67' title='bbox 654 1299 684 1356; x_wconf 92' lang='lat' dir='ltr'><strong>et</strong></span> <span class='ocrx_word' id='word_1_68' title='bbox 710 1297 790 1355; x_wconf 85' lang='lat' dir='ltr'><strong>ultro</strong></span> <span class='ocrx_word' id='word_1_69' title='bbox 812 1295 1017 1372; x_wconf 87' lang='lat' dir='ltr'><strong>profitendum</strong></span> <span class='ocrx_word' id='word_1_70' title='bbox 1063 1298 1143 1354; x_wconf 90' lang='lat' dir='ltr'><strong>enim</strong></span> <span class='ocrx_word' id='word_1_71' title='bbox 1165 1301 1330 1374; x_wconf 81' lang='lat' dir='ltr'><strong>paupertas</strong></span> 
     </span>
     <span class='ocr_line' id='line_1_11' title="bbox 314 1378 1329 1463; baseline -0.001 -16"><span class='ocrx_word' id='word_1_72' title='bbox 314 1389 386 1447; x_wconf 93' lang='lat' dir='ltr'><strong>olim</strong></span> <span class='ocrx_word' id='word_1_73' title='bbox 408 1386 614 1463; x_wconf 92' lang='lat' dir='ltr'><strong>philosophiae</strong></span> <span class='ocrx_word' id='word_1_74' title='bbox 636 1386 797 1445; x_wconf 88' lang='lat' dir='ltr'><strong>uemacula</strong></span> <span class='ocrx_word' id='word_1_75' title='bbox 819 1387 876 1458; x_wconf 92' lang='lat' dir='ltr'><strong>est,</strong></span> <span class='ocrx_word' id='word_1_76' title='bbox 902 1378 999 1461; x_wconf 78' lang='lat' dir='ltr'><strong>frugi,</strong></span> <span class='ocrx_word' id='word_1_77' title='bbox 1021 1384 1133 1459; x_wconf 91' lang='lat' dir='ltr'><strong>sobria,</strong></span> <span class='ocrx_word' id='word_1_78' title='bbox 1156 1405 1251 1462; x_wconf 86' lang='lat' dir='ltr'><strong>paruo</strong></span> <span class='ocrx_word' id='word_1_79' title='bbox 1275 1406 1329 1463; x_wconf 93' lang='lat' dir='ltr'><strong>po·</strong></span> 
     </span>
     <span class='ocr_line' id='line_1_12' title="bbox 313 1473 1369 1551; baseline 0.002 -16"><span class='ocrx_word' id='word_1_80' title='bbox 313 1479 394 1551; x_wconf 88' lang='lat' dir='ltr'><strong>teus,</strong></span> <span class='ocrx_word' id='word_1_81' title='bbox 422 1475 537 1534; x_wconf 89' lang='lat' dir='ltr'><strong>aemula</strong></span> <span class='ocrx_word' id='word_1_82' title='bbox 559 1473 672 1548; x_wconf 86' lang='lat' dir='ltr'><strong>laudis,</strong></span> <span class='ocrx_word' id='word_1_83' title='bbox 701 1474 858 1533; x_wconf 89' lang='lat' dir='ltr'><strong>aduersum</strong></span> <span class='ocrx_word' id='word_1_84' title='bbox 887 1473 1009 1532; x_wconf 90' lang='lat' dir='ltr'><strong>diuitias</strong></span> <span class='ocrx_word' id='word_1_85' title='bbox 1039 1492 1189 1549; x_wconf 91' lang='lat' dir='ltr'><strong>possessa,</strong></span> <span class='ocrx_word' id='word_1_86' title='bbox 1219 1475 1328 1534; x_wconf 87' lang='lat' dir='ltr'><strong>habitu</strong></span> <span class='ocrx_word' id='word_1_87' title='bbox 1344 1499 1369 1537; x_wconf 75' lang='grc' dir='ltr'><strong>ιο</strong></span> 
     </span>
     <span class='ocr_line' id='line_1_13' title="bbox 315 1562 1394 1640; baseline -0.001 -16"><span class='ocrx_word' id='word_1_88' title='bbox 315 1584 426 1639; x_wconf 87' lang='lat' dir='ltr'><strong>secura,</strong></span> <span class='ocrx_word' id='word_1_89' title='bbox 446 1564 528 1622; x_wconf 91' lang='lat' dir='ltr'><strong>cultu</strong></span> <span class='ocrx_word' id='word_1_90' title='bbox 546 1564 679 1640; x_wconf 89' lang='lat' dir='ltr'><strong>simplex,</strong></span> <span class='ocrx_word' id='word_1_91' title='bbox 698 1563 821 1622; x_wconf 88' lang='lat' dir='ltr'><strong>consilio</strong></span> <span class='ocrx_word' id='word_1_92' title='bbox 838 1562 1014 1637; x_wconf 88' lang='lat' dir='ltr'><strong>benesuada,</strong></span> <span class='ocrx_word' id='word_1_93' title='bbox 1031 1564 1179 1622; x_wconf 88' lang='lat' dir='ltr'><strong>neminem</strong></span> <span class='ocrx_word' id='word_1_94' title='bbox 1192 1583 1329 1639; x_wconf 90' lang='lat' dir='ltr'><strong>unquam</strong></span> <span class='ocrx_word' id='word_1_95' title='bbox 1343 1581 1394 1631; x_wconf 77' lang='lat' dir='ltr'><strong>(ssa)</strong></span> 
     </span>
    </p>

    <p class='ocr_par' dir='ltr' id='par_1_7' title="bbox 235 1649 1416 2438">
     <span class='ocr_line' id='line_1_14' title="bbox 235 1649 1329 1733; baseline 0.002 -24"><span class='ocrx_word' id='word_1_96' title='bbox 235 1670 251 1709; x_wconf 77' lang='lat' dir='ltr'><strong>a</strong></span> <span class='ocrx_word' id='word_1_97' title='bbox 265 1670 299 1711; x_wconf 78' lang='lat' dir='ltr'><strong>st.</strong></span> <span class='ocrx_word' id='word_1_98' title='bbox 314 1654 451 1729; x_wconf 88' lang='lat' dir='ltr'><strong>superbia</strong></span> <span class='ocrx_word' id='word_1_99' title='bbox 472 1650 475 1733; x_wconf 87' lang='grc' dir='ltr'>Ι</span> <span class='ocrx_word' id='word_1_100' title='bbox 495 1653 625 1727; x_wconf 89' lang='lat' dir='ltr'><strong>inflauit,</strong></span> <span class='ocrx_word' id='word_1_101' title='bbox 653 1653 801 1711; x_wconf 91' lang='lat' dir='ltr'><strong>neminem</strong></span> <span class='ocrx_word' id='word_1_102' title='bbox 822 1652 990 1727; x_wconf 85' lang='lat' dir='ltr'><strong>inpotentia</strong></span> <span class='ocrx_word' id='word_1_103' title='bbox 1012 1649 1204 1727; x_wconf 89' lang='lat' dir='ltr'><strong>deprauauit,</strong></span> <span class='ocrx_word' id='word_1_104' title='bbox 1235 1655 1329 1712; x_wconf 91' lang='lat' dir='ltr'><strong>nemi-</strong></span> 
     </span>
     <span class='ocr_line' id='line_1_15' title="bbox 313 1740 1329 1818; baseline 0 -17"><span class='ocrx_word' id='word_1_105' title='bbox 313 1762 380 1801; x_wconf 89' lang='lat' dir='ltr'><strong>nem</strong></span> <span class='ocrx_word' id='word_1_106' title='bbox 397 1741 554 1818; x_wconf 83' lang='lat' dir='ltr'><strong>tyrannide</strong></span> <span class='ocrx_word' id='word_1_107' title='bbox 573 1742 715 1815; x_wconf 80' lang='lat' dir='ltr'><strong>effemnit,</strong></span> <span class='ocrx_word' id='word_1_108' title='bbox 739 1741 859 1800; x_wconf 81' lang='lat' dir='ltr'><strong>delicias</strong></span> <span class='ocrx_word' id='word_1_109' title='bbox 878 1740 989 1799; x_wconf 82' lang='lat' dir='ltr'><strong>uentris</strong></span> <span class='ocrx_word' id='word_1_110' title='bbox 1008 1743 1039 1799; x_wconf 93' lang='lat' dir='ltr'><strong>et</strong></span> <span class='ocrx_word' id='word_1_111' title='bbox 1055 1740 1213 1817; x_wconf 81' lang='lat' dir='ltr'><strong>inguinum</strong></span> <span class='ocrx_word' id='word_1_112' title='bbox 1231 1761 1329 1817; x_wconf 91' lang='lat' dir='ltr'><strong>neque</strong></span> 
     </span>
     <span class='ocr_line' id='line_1_16' title="bbox 313 1829 1328 1907; baseline 0 -18"><span class='ocrx_word' id='word_1_113' title='bbox 313 1832 379 1890; x_wconf 92' lang='lat' dir='ltr'><strong>uult</strong></span> <span class='ocrx_word' id='word_1_114' title='bbox 401 1831 478 1890; x_wconf 85' lang='lat' dir='ltr'><strong>ullas</strong></span> <span class='ocrx_word' id='word_1_115' title='bbox 502 1850 596 1906; x_wconf 90' lang='lat' dir='ltr'><strong>nequa</strong></span> <span class='ocrx_word' id='word_1_116' title='bbox 618 1832 725 1906; x_wconf 88' lang='lat' dir='ltr'><strong>potest.</strong></span> <span class='ocrx_word' id='word_1_117' title='bbox 771 1830 881 1906; x_wconf 91' lang='lat' dir='ltr'><strong>quippe</strong></span> <span class='ocrx_word' id='word_1_118' title='bbox 908 1829 980 1888; x_wconf 92' lang='lat' dir='ltr'><strong>haec</strong></span> <span class='ocrx_word' id='word_1_119' title='bbox 1007 1832 1036 1887; x_wconf 90' lang='lat' dir='ltr'><strong>et</strong></span> <span class='ocrx_word' id='word_1_120' title='bbox 1060 1829 1119 1886; x_wconf 86' lang='lat' dir='ltr'><strong>ulia</strong></span> <span class='ocrx_word' id='word_1_121' title='bbox 1141 1829 1259 1907; x_wconf 84' lang='lat' dir='ltr'><strong>flagitia</strong></span> <span class='ocrx_word' id='word_1_122' title='bbox 1283 1831 1328 1889; x_wconf 92' lang='lat' dir='ltr'><strong>di-</strong></span> 
     </span>
     <span class='ocr_line' id='line_1_17' title="bbox 313 1914 1367 1998; baseline 0.002 -19"><span class='ocrx_word' id='word_1_123' title='bbox 313 1921 456 1979; x_wconf 87' lang='lat' dir='ltr'><strong>uitiarum</strong></span> <span class='ocrx_word' id='word_1_124' title='bbox 486 1921 598 1979; x_wconf 90' lang='lat' dir='ltr'><strong>alumni</strong></span> <span class='ocrx_word' id='word_1_125' title='bbox 625 1914 728 1998; x_wconf 84' lang='lat' dir='ltr'><strong>&lt;esse&gt;</strong></span> <span class='ocrx_word' id='word_1_126' title='bbox 750 1919 860 1978; x_wconf 85' lang='lat' dir='ltr'><strong>solent:</strong></span> <span class='ocrx_word' id='word_1_127' title='bbox 892 1918 1021 1976; x_wconf 88' lang='lat' dir='ltr'><strong>maxima</strong></span> <span class='ocrx_word' id='word_1_128' title='bbox 1053 1937 1187 1993; x_wconf 90' lang='lat' dir='ltr'><strong>quaeque</strong></span> <span class='ocrx_word' id='word_1_129' title='bbox 1214 1921 1367 1981; x_wconf 73' lang='lat' dir='ltr'><strong>scelerare</strong></span> 
     </span>
     <span class='ocr_line' id='line_1_18' title="bbox 313 2008 1328 2082; baseline -0.002 -13"><span class='ocrx_word' id='word_1_130' title='bbox 313 2010 340 2069; x_wconf 92' lang='lat' dir='ltr'><strong>si</strong></span> <span class='ocrx_word' id='word_1_131' title='bbox 362 2011 496 2069; x_wconf 91' lang='lat' dir='ltr'><strong>exomni</strong></span> <span class='ocrx_word' id='word_1_132' title='bbox 517 2009 659 2068; x_wconf 88' lang='lat' dir='ltr'><strong>memoria</strong></span> <span class='ocrx_word' id='word_1_133' title='bbox 682 2008 835 2066; x_wconf 90' lang='lat' dir='ltr'><strong>hominum</strong></span> <span class='ocrx_word' id='word_1_134' title='bbox 856 2025 1042 2082; x_wconf 84' lang='lat' dir='ltr'><strong>percenseas,</strong></span> <span class='ocrx_word' id='word_1_135' title='bbox 1069 2008 1193 2065; x_wconf 89' lang='lat' dir='ltr'><strong>nullum·</strong></span> <span class='ocrx_word' id='word_1_136' title='bbox 1208 2008 1242 2066; x_wconf 92' lang='lat' dir='ltr'><strong>in</strong></span> <span class='ocrx_word' id='word_1_137' title='bbox 1264 2008 1328 2067; x_wconf 92' lang='lat' dir='ltr'><strong>illis</strong></span> 
     </span>
     <span class='ocr_line' id='line_1_19' title="bbox 313 2095 1326 2176; baseline 0 -20"><span class='ocrx_word' id='word_1_138' title='bbox 313 2119 473 2176; x_wconf 88' lang='lat' dir='ltr'><strong>pauperem</strong></span> <span class='ocrx_word' id='word_1_139' title='bbox 494 2098 652 2174; x_wconf 90' lang='lat' dir='ltr'><strong>repperies,</strong></span> <span class='ocrx_word' id='word_1_140' title='bbox 675 2099 709 2154; x_wconf 94' lang='lat' dir='ltr'><strong>ut</strong></span> <span class='ocrx_word' id='word_1_141' title='bbox 732 2099 835 2155; x_wconf 83' lang='lat' dir='ltr'><strong>contra</strong></span> <span class='ocrx_word' id='word_1_142' title='bbox 858 2096 939 2155; x_wconf 76' lang='lat' dir='ltr'><strong>haud</strong></span> <span class='ocrx_word' id='word_1_143' title='bbox 960 2098 1069 2155; x_wconf 87' lang='lat' dir='ltr'><strong>temere</strong></span> <span class='ocrx_word' id='word_1_144' title='bbox 1091 2095 1171 2154; x_wconf 92' lang='lat' dir='ltr'><strong>inter</strong></span> <span class='ocrx_word' id='word_1_145' title='bbox 1188 2096 1326 2156; x_wconf 82' lang='lat' dir='ltr'><strong>inlustris</strong></span> 
     </span>
     <span class='ocr_line' id='line_1_20' title="bbox 312 2183 1416 2261; baseline -0.003 -16"><span class='ocrx_word' id='word_1_146' title='bbox 312 2189 392 2246; x_wconf 89' lang='lat' dir='ltr'><strong>uiros</strong></span> <span class='ocrx_word' id='word_1_147' title='bbox 416 2188 522 2246; x_wconf 89' lang='lat' dir='ltr'><strong>diuites</strong></span> <span class='ocrx_word' id='word_1_148' title='bbox 547 2186 730 2261; x_wconf 87' lang='lat' dir='ltr'><strong>comparent,</strong></span> <span class='ocrx_word' id='word_1_149' title='bbox 757 2183 808 2243; x_wconf 90' lang='lat' dir='ltr'><strong>sed</strong></span> <span class='ocrx_word' id='word_1_150' title='bbox 831 2203 1033 2260; x_wconf 91' lang='lat' dir='ltr'><strong>quemcunque</strong></span> <span class='ocrx_word' id='word_1_151' title='bbox 1055 2185 1088 2243; x_wconf 91' lang='lat' dir='ltr'><strong>in</strong></span> <span class='ocrx_word' id='word_1_152' title='bbox 1111 2185 1213 2259; x_wconf 93' lang='lat' dir='ltr'><strong>aliqua</strong></span> <span class='ocrx_word' id='word_1_153' title='bbox 1235 2185 1325 2245; x_wconf 90' lang='lat' dir='ltr'><strong>laude</strong></span> <span class='ocrx_word' id='word_1_154' title='bbox 1339 2202 1392 2252; x_wconf 74' lang='lat' dir='ltr'><strong>(iss)</strong></span> <span class='ocrx_word' id='word_1_155' title='bbox 1415 2201 1416 2204; x_wconf 71' lang='grc'>’</span> 
     </span>
     <span class='ocr_line' id='line_1_21' title="bbox 313 2272 1365 2350; baseline 0.002 -17"><span class='ocrx_word' id='word_1_156' title='bbox 313 2276 470 2350; x_wconf 90' lang='lat' dir='ltr'><strong>miramur,</strong></span> <span class='ocrx_word' id='word_1_157' title='bbox 507 2295 574 2334; x_wconf 92' lang='lat' dir='ltr'><strong>eum</strong></span> <span class='ocrx_word' id='word_1_158' title='bbox 604 2275 765 2350; x_wconf 87' lang='lat' dir='ltr'><strong>paupertas</strong></span> <span class='ocrx_word' id='word_1_159' title='bbox 797 2272 834 2331; x_wconf 93' lang='lat' dir='ltr'><strong>ab</strong></span> <span class='ocrx_word' id='word_1_160' title='bbox 870 2273 1057 2333; x_wconf 87' lang='lat' dir='ltr'><strong>incunabulis</strong></span> <span class='ocrx_word' id='word_1_161' title='bbox 1088 2274 1239 2333; x_wconf 86' lang='lat' dir='ltr'><strong>nutricata</strong></span> <span class='ocrx_word' id='word_1_162' title='bbox 1271 2278 1324 2334; x_wconf 91' lang='lat' dir='ltr'><strong>est</strong></span> <span class='ocrx_word' id='word_1_163' title='bbox 1339 2296 1365 2335; x_wconf 79' lang='lat' dir='ltr'><strong>ao</strong></span> 
     </span>
     <span class='ocr_line' id='line_1_22' title="bbox 300 2361 1327 2438; baseline 0.008 -23"><span class='ocrx_word' id='word_1_164' title='bbox 300 2367 482 2438; x_wconf 85' lang='lat' dir='ltr'><strong>paupertas,</strong></span> <span class='ocrx_word' id='word_1_165' title='bbox 504 2364 636 2437; x_wconf 88' lang='lat' dir='ltr'><strong>inquam,</strong></span> <span class='ocrx_word' id='word_1_166' title='bbox 654 2362 752 2438; x_wconf 87' lang='lat' dir='ltr'><strong>prisca</strong></span> <span class='ocrx_word' id='word_1_167' title='bbox 771 2361 851 2436; x_wconf 88' lang='lat' dir='ltr'><strong>apud</strong></span> <span class='ocrx_word' id='word_1_168' title='bbox 868 2364 987 2421; x_wconf 83' lang='lat' dir='ltr'><strong>saecula</strong></span> <span class='ocrx_word' id='word_1_169' title='bbox 1005 2362 1137 2421; x_wconf 88' lang='lat' dir='ltr'><strong>omnium</strong></span> <span class='ocrx_word' id='word_1_170' title='bbox 1155 2362 1327 2423; x_wconf 89' lang='lat' dir='ltr'><strong>ciuitatium</strong></span> 
     </span>
    </p>

    <p class='ocr_par' dir='ltr' id='par_1_8' title="bbox 207 2445 1417 2795">
     <span class='ocr_line' id='line_1_23' title="bbox 207 2445 1327 2529; baseline 0.005 -24"><span class='ocrx_word' id='word_1_171' title='bbox 207 2466 223 2505; x_wconf 78' lang='lat' dir='ltr'><strong>r.</strong></span> <span class='ocrx_word' id='word_1_172' title='bbox 239 2467 301 2508; x_wconf 76' lang='lat' dir='ltr'><strong>roes.</strong></span> <span class='ocrx_word' id='word_1_173' title='bbox 315 2452 469 2525; x_wconf 82' lang='lat' dir='ltr'><strong>conditrix,</strong></span> <span class='ocrx_word' id='word_1_174' title='bbox 486 2445 497 2529; x_wconf 85' lang='grc' dir='ltr'><strong>ΙΙ</strong></span> <span class='ocrx_word' id='word_1_175' title='bbox 515 2451 647 2510; x_wconf 88' lang='lat' dir='ltr'><strong>omnium</strong></span> <span class='ocrx_word' id='word_1_176' title='bbox 670 2451 779 2508; x_wconf 89' lang='lat' dir='ltr'><strong>artium</strong></span> <span class='ocrx_word' id='word_1_177' title='bbox 802 2452 959 2526; x_wconf 85' lang='lat' dir='ltr'><strong>repertrix,</strong></span> <span class='ocrx_word' id='word_1_178' title='bbox 983 2452 1115 2510; x_wconf 89' lang='lat' dir='ltr'><strong>omnium</strong></span> <span class='ocrx_word' id='word_1_179' title='bbox 1137 2454 1327 2528; x_wconf 89' lang='lat' dir='ltr'><strong>peccatorum</strong></span> 
     </span>
     <span class='ocr_line' id='line_1_24' title="bbox 314 2538 1325 2617; baseline 0.001 -18"><span class='ocrx_word' id='word_1_180' title='bbox 314 2540 413 2616; x_wconf 89' lang='lat' dir='ltr'><strong>inops,</strong></span> <span class='ocrx_word' id='word_1_181' title='bbox 437 2540 531 2598; x_wconf 87' lang='lat' dir='ltr'><strong>omnis</strong></span> <span class='ocrx_word' id='word_1_182' title='bbox 555 2539 667 2617; x_wconf 84' lang='lat' dir='ltr'><strong>gloriae</strong></span> <span class='ocrx_word' id='word_1_183' title='bbox 689 2538 840 2613; x_wconf 89' lang='lat' dir='ltr'><strong>munifica,</strong></span> <span class='ocrx_word' id='word_1_184' title='bbox 864 2540 976 2599; x_wconf 87' lang='lat' dir='ltr'><strong>cunctis</strong></span> <span class='ocrx_word' id='word_1_185' title='bbox 999 2539 1137 2598; x_wconf 89' lang='lat' dir='ltr'><strong>laudibus</strong></span> <span class='ocrx_word' id='word_1_186' title='bbox 1161 2540 1240 2617; x_wconf 91' lang='lat' dir='ltr'><strong>apud</strong></span> <span class='ocrx_word' id='word_1_187' title='bbox 1263 2560 1325 2600; x_wconf 92' lang='lat' dir='ltr'><strong>om·</strong></span> 
     </span>
     <span class='ocr_line' id='line_1_25' title="bbox 313 2619 1417 2705; baseline 0 -17"><span class='ocrx_word' id='word_1_188' title='bbox 313 2628 359 2688; x_wconf 87' lang='lat' dir='ltr'><strong>nis</strong></span> <span class='ocrx_word' id='word_1_189' title='bbox 382 2628 516 2688; x_wconf 90' lang='lat' dir='ltr'><strong>nationes</strong></span> <span class='ocrx_word' id='word_1_190' title='bbox 540 2629 703 2705; x_wconf 77' lang='lat' dir='ltr'><strong>perfuncta.</strong></span> <span class='ocrx_word' id='word_1_191' title='bbox 749 2627 852 2687; x_wconf 90' lang='lat' dir='ltr'><strong>eadem</strong></span> <span class='ocrx_word' id='word_1_192' title='bbox 878 2631 924 2687; x_wconf 91' lang='lat' dir='ltr'><strong>est</strong></span> <span class='ocrx_word' id='word_1_193' title='bbox 952 2628 1030 2687; x_wconf 90' lang='lat' dir='ltr'><strong>enim</strong></span> <span class='ocrx_word' id='word_1_194' title='bbox 1055 2631 1215 2704; x_wconf 86' lang='lat' dir='ltr'><strong>paupertas</strong></span> <span class='ocrx_word' id='word_1_195' title='bbox 1246 2630 1327 2705; x_wconf 90' lang='lat' dir='ltr'><strong>apud</strong></span> <span class='ocrx_word' id='word_1_196' title='bbox 1416 2619 1417 2662; x_wconf 76' lang='lat'>1</span> 
     </span>
     <span class='ocr_line' id='line_1_26' title="bbox 315 2716 1365 2795; baseline 0.002 -18"><span class='ocrx_word' id='word_1_197' title='bbox 315 2717 440 2777; x_wconf 82' lang='lat' dir='ltr'><strong>Graecos</strong></span> <span class='ocrx_word' id='word_1_198' title='bbox 463 2718 495 2775; x_wconf 94' lang='lat' dir='ltr'><strong>iu</strong></span> <span class='ocrx_word' id='word_1_199' title='bbox 518 2716 650 2776; x_wconf 89' lang='lat' dir='ltr'><strong>Aristide</strong></span> <span class='ocrx_word' id='word_1_200' title='bbox 672 2718 760 2791; x_wconf 90' lang='lat' dir='ltr'><strong>iusta,</strong></span> <span class='ocrx_word' id='word_1_201' title='bbox 782 2716 815 2774; x_wconf 88' lang='lat' dir='ltr'><strong>iu</strong></span> <span class='ocrx_word' id='word_1_202' title='bbox 832 2716 979 2776; x_wconf 90' lang='lat' dir='ltr'><strong>Phocione</strong></span> <span class='ocrx_word' id='word_1_203' title='bbox 997 2717 1135 2795; x_wconf 80' lang='lat' dir='ltr'><strong>benigna,</strong></span> <span class='ocrx_word' id='word_1_204' title='bbox 1157 2718 1189 2776; x_wconf 92' lang='lat' dir='ltr'><strong>in</strong></span> <span class='ocrx_word' id='word_1_205' title='bbox 1203 2718 1324 2795; x_wconf 76' lang='lat' dir='ltr'><strong>Epami·</strong></span> <span class='ocrx_word' id='word_1_206' title='bbox 1339 2739 1365 2780; x_wconf 80' lang='lat' dir='ltr'><strong>as</strong></span> 
     </span>
    </p>
   </div>
   <div class='ocr_carea' id='block_1_5' title="bbox 385 2884 781 3027">
    <p class='ocr_par' dir='ltr' id='par_1_9' title="bbox 385 2884 781 3027">
     <span class='ocr_line' id='line_1_27' title="bbox 386 2884 719 2941; baseline -0.006 0"><span class='ocrx_word' id='word_1_207' title='bbox 386 2894 400 2941; x_wconf 93' lang='lat'>1</span> <span class='ocrx_word' id='word_1_208' title='bbox 420 2886 494 2940; x_wconf 90' lang='lat' dir='ltr'><strong>Plut.</strong></span> <span class='ocrx_word' id='word_1_209' title='bbox 514 2884 573 2940; x_wconf 84' lang='lat' dir='ltr'><strong>Cat.</strong></span> <span class='ocrx_word' id='word_1_210' title='bbox 593 2887 657 2940; x_wconf 91' lang='lat' dir='ltr'><strong>mai.</strong></span> <span class='ocrx_word' id='word_1_211' title='bbox 679 2891 719 2939; x_wconf 88' lang='lat'><strong>10.</strong></span> 
     </span>
     <span class='ocr_line' id='line_1_28' title="bbox 385 2956 781 3027; baseline -0.008 -15"><span class='ocrx_word' id='word_1_212' title='bbox 385 2964 400 3013; x_wconf 95' lang='grc'><strong>9</strong></span> <span class='ocrx_word' id='word_1_213' title='bbox 420 2957 454 3012; x_wconf 87' lang='lat' dir='ltr'><strong>cf.</strong></span> <span class='ocrx_word' id='word_1_214' title='bbox 473 2956 556 3027; x_wconf 81' lang='lat' dir='ltr'><strong>Verg.</strong></span> <span class='ocrx_word' id='word_1_215' title='bbox 577 2957 645 3011; x_wconf 85' lang='lat' dir='ltr'><strong>Aen.</strong></span> <span class='ocrx_word' id='word_1_216' title='bbox 664 2956 781 3010; x_wconf 63' lang='lat' dir='ltr'><strong>visis.</strong></span> 
     </span>
    </p>
   </div>
   <div class='ocr_carea' id='block_1_6' title="bbox 204 3084 1325 3948">
    <p class='ocr_par' dir='ltr' id='par_1_10' title="bbox 313 3084 1325 3649">
     <span class='ocr_line' id='line_1_29' title="bbox 385 3084 1325 3283; baseline 0.002 -95"><span class='ocrx_word' id='word_1_217' title='bbox 385 3141 399 3188; x_wconf 90' lang='lat'>1</span> <span class='ocrx_word' id='word_1_218' title='bbox 424 3134 478 3200; x_wconf 73' lang='lat' dir='ltr'><strong>om</strong></span> <span class='ocrx_word' id='word_1_219' title='bbox 495 3135 544 3203; x_wconf 60' lang='lat' dir='ltr'><strong>re</strong></span> <span class='ocrx_word' id='word_1_220' title='bbox 564 3151 627 3187; x_wconf 78' lang='lat' dir='ltr'><strong>cum</strong></span> <span class='ocrx_word' id='word_1_221' title='bbox 645 3133 702 3187; x_wconf 73' lang='lat' dir='ltr'><strong>um</strong></span> <span class='ocrx_word' id='word_1_222' title='bbox 720 3134 835 3203; x_wconf 70' lang='lat' dir='ltr'><strong>Lipsius</strong></span> <span class='ocrx_word' id='word_1_223' title='bbox 912 3084 1139 3203; x_wconf 59' lang='lat' dir='ltr'><strong>rihtitt&#39;t</strong></span> <span class='ocrx_word' id='word_1_224' title='bbox 1212 3097 1325 3283; x_wconf 45' lang='lat' dir='ltr'><strong>aptist-</strong></span> 
     </span>
     <span class='ocr_line' id='line_1_30' title="bbox 314 3261 1324 3386; baseline 0.002 -20"><span class='ocrx_word' id='word_1_225' title='bbox 314 3315 441 3382; x_wconf 73' lang='lat' dir='ltr'><strong>tatemp</strong></span> <span class='ocrx_word' id='word_1_226' title='bbox 533 3318 547 3365; x_wconf 86' lang='grc'><strong>7</strong></span> <span class='ocrx_word' id='word_1_227' title='bbox 566 3328 621 3386; x_wconf 82' lang='lat' dir='ltr'><strong>mg.</strong></span> <span class='ocrx_word' id='word_1_228' title='bbox 641 3312 675 3366; x_wconf 81' lang='lat' dir='ltr'><strong>F:</strong></span> <span class='ocrx_word' id='word_1_229' title='bbox 700 3311 735 3365; x_wconf 92' lang='lat' dir='ltr'><strong>de</strong></span> <span class='ocrx_word' id='word_1_230' title='bbox 752 3314 921 3381; x_wconf 86' lang='lat' dir='ltr'><strong>paupertate</strong></span> <span class='ocrx_word' id='word_1_231' title='bbox 944 3320 969 3367; x_wconf 80' lang='lat' dir='ltr'><strong>et</strong></span> <span class='ocrx_word' id='word_1_232' title='bbox 992 3313 1052 3367; x_wconf 79' lang='lat' dir='ltr'><strong>alia</strong></span> <span class='ocrx_word' id='word_1_233' title='bbox 1073 3261 1189 3368; x_wconf 62' lang='grc' dir='ltr'><strong>ηιαπιιεΓ</strong></span> <span class='ocrx_word' id='word_1_234' title='bbox 1213 3282 1324 3369; x_wconf 76' lang='lat' dir='ltr'><strong>Lau&#39;les</strong></span> 
     </span>
     <span class='ocr_line' id='line_1_31' title="bbox 313 3383 1325 3454; baseline 0.003 -17"><span class='ocrx_word' id='word_1_235' title='bbox 313 3384 489 3453; x_wconf 82' lang='lat' dir='ltr'><strong>paupertatis</strong></span> <span class='ocrx_word' id='word_1_236' title='bbox 561 3388 576 3437; x_wconf 83' lang='lat'>9</span> <span class='ocrx_word' id='word_1_237' title='bbox 610 3383 763 3453; x_wconf 58' lang='lat' dir='ltr'><strong>potenepli</strong></span> <span class='ocrx_word' id='word_1_238' title='bbox 837 3389 870 3436; x_wconf 92' lang='lat'><strong>10</strong></span> <span class='ocrx_word' id='word_1_239' title='bbox 889 3383 1039 3437; x_wconf 85' lang='lat' dir='ltr'><strong>aduersum</strong></span> <span class='ocrx_word' id='word_1_240' title='bbox 1058 3384 1174 3439; x_wconf 87' lang='lat' dir='ltr'><strong>diuitias</strong></span> <span class='ocrx_word' id='word_1_241' title='bbox 1192 3401 1325 3454; x_wconf 90' lang='lat' dir='ltr'><strong>possessa</strong></span> 
     </span>
     <span class='ocr_line' id='line_1_32' title="bbox 313 3415 1324 3523; baseline 0.001 -13"><span class='ocrx_word' id='word_1_242' title='bbox 313 3456 352 3510; x_wconf 79' lang='lat' dir='ltr'><strong>sie</strong></span> <span class='ocrx_word' id='word_1_243' title='bbox 365 3456 387 3510; x_wconf 82' lang='lat' dir='ltr'><strong>F</strong></span> <span class='ocrx_word' id='word_1_244' title='bbox 402 3455 552 3509; x_wconf 82' lang='lat' dir='ltr'><strong>aduersum</strong></span> <span class='ocrx_word' id='word_1_245' title='bbox 565 3415 609 3509; x_wconf 77' lang='lat' dir='ltr'><strong>ael</strong></span> <span class='ocrx_word' id='word_1_246' title='bbox 624 3453 772 3508; x_wconf 87' lang='lat' dir='ltr'><strong>aduersam</strong></span> <span class='ocrx_word' id='word_1_247' title='bbox 786 3453 895 3507; x_wconf 90' lang='lat' dir='ltr'><strong>diuitiis</strong></span> <span class='ocrx_word' id='word_1_248' title='bbox 909 3454 1036 3523; x_wconf 88' lang='lat' dir='ltr'><strong>professa</strong></span> <span class='ocrx_word' id='word_1_249' title='bbox 1046 3455 1161 3510; x_wconf 79' lang='lat' dir='ltr'><strong>Oacaah.</strong></span> <span class='ocrx_word' id='word_1_250' title='bbox 1228 3462 1261 3510; x_wconf 79' lang='lat'><strong>13</strong></span> <span class='ocrx_word' id='word_1_251' title='bbox 1275 3473 1324 3511; x_wconf 88' lang='lat' dir='ltr'><strong>ne-</strong></span> 
     </span>
     <span class='ocr_line' id='line_1_33' title="bbox 314 3526 1324 3649; baseline 0.003 -71"><span class='ocrx_word' id='word_1_252' title='bbox 314 3543 369 3594; x_wconf 83' lang='lat' dir='ltr'><strong>que</strong></span> <span class='ocrx_word' id='word_1_253' title='bbox 387 3526 493 3581; x_wconf 91' lang='lat' dir='ltr'><strong>uult-</strong></span> <span class='ocrx_word' id='word_1_254' title='bbox 503 3532 538 3610; x_wconf 84' lang='grc'><strong>14</strong></span> <span class='ocrx_word' id='word_1_255' title='bbox 556 3541 647 3610; x_wconf 70' lang='lat' dir='ltr'><strong>nepae</strong></span> <span class='ocrx_word' id='word_1_256' title='bbox 664 3527 811 3649; x_wconf 49' lang='lat' dir='ltr'><strong>imis·</strong></span> <span class='ocrx_word' id='word_1_257' title='bbox 832 3542 854 3580; x_wconf 90' lang='lat' dir='ltr'><strong>c.</strong></span> <span class='ocrx_word' id='word_1_258' title='bbox 870 3530 912 3580; x_wconf 87' lang='grc'><strong>99.</strong></span> <span class='ocrx_word' id='word_1_259' title='bbox 929 3532 1012 3579; x_wconf 78' lang='grc'><strong>1997</strong></span> <span class='ocrx_word' id='word_1_260' title='bbox 1032 3526 1083 3608; x_wconf 63' lang='lat' dir='ltr'><strong>Kc.</strong></span> <span class='ocrx_word' id='word_1_261' title='bbox 1149 3532 1182 3581; x_wconf 80' lang='grc'><strong>15</strong></span> <span class='ocrx_word' id='word_1_262' title='bbox 1198 3526 1324 3610; x_wconf 83' lang='lat' dir='ltr'><strong>alumpui</strong></span> 
     </span>
    </p>

    <p class='ocr_par' dir='ltr' id='par_1_11' title="bbox 204 3596 1324 3948">
     <span class='ocr_line' id='line_1_34' title="bbox 204 3596 1323 3740; baseline 0.004 -22"><span class='ocrx_word' id='word_1_263' title='bbox 204 3706 205 3710; x_wconf 12' lang='lat' dir='ltr'><strong>a</strong></span> <span class='ocrx_word' id='word_1_264' title='bbox 313 3596 667 3722; x_wconf 51' lang='lat' dir='ltr'><strong>tristitiom</strong></span> <span class='ocrx_word' id='word_1_265' title='bbox 680 3596 834 3736; x_wconf 57' lang='lat' dir='ltr'><strong>inisti</strong></span> <span class='ocrx_word' id='word_1_266' title='bbox 898 3602 931 3649; x_wconf 84' lang='lat'><strong>¹⁷</strong></span> <span class='ocrx_word' id='word_1_267' title='bbox 943 3597 1323 3740; x_wconf 62' lang='grc'><strong>9991993991</strong></span> 
     </span>
     <span class='ocr_line' id='line_1_35' title="bbox 312 3685 1323 3809; baseline 0.005 -19"><span class='ocrx_word' id='word_1_268' title='bbox 312 3737 446 3790; x_wconf 88' lang='lat' dir='ltr'><strong>uitatium</strong></span> <span class='ocrx_word' id='word_1_269' title='bbox 464 3739 486 3791; x_wconf 85' lang='lat' dir='ltr'><strong>F</strong></span> <span class='ocrx_word' id='word_1_270' title='bbox 505 3688 693 3807; x_wconf 51' lang='lat' dir='ltr'><strong>ciuitatumwcp</strong></span> <span class='ocrx_word' id='word_1_271' title='bbox 712 3740 804 3793; x_wconf 77' lang='lat' dir='ltr'><strong>eadem</strong></span> <span class='ocrx_word' id='word_1_272' title='bbox 821 3688 945 3793; x_wconf 55' lang='lat' dir='ltr'><strong>cedrinos</strong></span> <span class='ocrx_word' id='word_1_273' title='bbox 962 3685 1029 3791; x_wconf 57' lang='lat' dir='ltr'><strong>Met).</strong></span> <span class='ocrx_word' id='word_1_274' title='bbox 1043 3738 1088 3791; x_wconf 88' lang='lat' dir='ltr'><strong>IX.</strong></span> <span class='ocrx_word' id='word_1_275' title='bbox 1109 3687 1160 3808; x_wconf 54' lang='lat' dir='ltr'><strong>14,e</strong></span> <span class='ocrx_word' id='word_1_276' title='bbox 1169 3758 1196 3809; x_wconf 91' lang='lat' dir='ltr'><strong>p.</strong></span> <span class='ocrx_word' id='word_1_277' title='bbox 1218 3720 1323 3795; x_wconf 67' lang='grc'><strong>19919</strong></span> 
     </span>
     <span class='ocr_line' id='line_1_36' title="bbox 314 3808 1324 3880; baseline 0.006 -21"><span class='ocrx_word' id='word_1_278' title='bbox 314 3812 347 3860; x_wconf 78' lang='lat'><strong>22</strong></span> <span class='ocrx_word' id='word_1_279' title='bbox 374 3822 469 3861; x_wconf 86' lang='lat' dir='ltr'><strong>omnes</strong></span> <span class='ocrx_word' id='word_1_280' title='bbox 496 3828 517 3876; x_wconf 86' lang='grc' dir='ltr'><strong><em>φ</em></strong></span> <span class='ocrx_word' id='word_1_281' title='bbox 625 3815 658 3862; x_wconf 78' lang='grc'><strong>23</strong></span> <span class='ocrx_word' id='word_1_282' title='bbox 682 3812 726 3862; x_wconf 89' lang='lat' dir='ltr'><strong>est</strong></span> <span class='ocrx_word' id='word_1_283' title='bbox 743 3808 819 3862; x_wconf 87' lang='lat' dir='ltr'><strong>onim</strong></span> <span class='ocrx_word' id='word_1_284' title='bbox 836 3810 885 3877; x_wconf 74' lang='grc' dir='ltr'><strong>Ὲφ</strong></span> <span class='ocrx_word' id='word_1_285' title='bbox 912 3808 987 3862; x_wconf 92' lang='lat' dir='ltr'><strong>enim</strong></span> <span class='ocrx_word' id='word_1_286' title='bbox 1005 3811 1048 3861; x_wconf 91' lang='lat' dir='ltr'><strong>est</strong></span> <span class='ocrx_word' id='word_1_287' title='bbox 1067 3809 1118 3863; x_wconf 82' lang='lat' dir='ltr'><strong>Kr.</strong></span> <span class='ocrx_word' id='word_1_288' title='bbox 1198 3816 1233 3864; x_wconf 76' lang='lat'><strong>24</strong></span> <span class='ocrx_word' id='word_1_289' title='bbox 1250 3812 1324 3880; x_wconf 68' lang='lat' dir='ltr'><strong>iac</strong></span> 
     </span>
     <span class='ocr_line' id='line_1_37' title="bbox 314 3876 1324 3948; baseline 0.004 -17"><span class='ocrx_word' id='word_1_290' title='bbox 314 3876 430 3931; x_wconf 88' lang='lat' dir='ltr'><strong>aristide</strong></span> <span class='ocrx_word' id='word_1_291' title='bbox 444 3883 469 3931; x_wconf 86' lang='lat' dir='ltr'><strong>et</strong></span> <span class='ocrx_word' id='word_1_292' title='bbox 481 3881 621 3945; x_wconf 75' lang='lat' dir='ltr'><strong>sequentia</strong></span> <span class='ocrx_word' id='word_1_293' title='bbox 634 3881 748 3933; x_wconf 77' lang='lat' dir='ltr'><strong>nomina</strong></span> <span class='ocrx_word' id='word_1_294' title='bbox 761 3880 854 3934; x_wconf 63' lang='lat' dir='ltr'><strong>mitris</strong></span> <span class='ocrx_word' id='word_1_295' title='bbox 862 3880 942 3934; x_wconf 72' lang='lat' dir='ltr'><strong>lime</strong></span> <span class='ocrx_word' id='word_1_296' title='bbox 955 3879 1108 3946; x_wconf 70' lang='lat' dir='ltr'><strong>miseriem</strong></span> <span class='ocrx_word' id='word_1_297' title='bbox 1116 3887 1181 3934; x_wconf 77' lang='lat' dir='ltr'><strong>eunt</strong></span> <span class='ocrx_word' id='word_1_298' title='bbox 1189 3883 1224 3948; x_wconf 75' lang='lat' dir='ltr'><strong>ef.</strong></span> <span class='ocrx_word' id='word_1_299' title='bbox 1234 3887 1277 3936; x_wconf 73' lang='lat'><strong>25.</strong></span> <span class='ocrx_word' id='word_1_300' title='bbox 1290 3887 1324 3935; x_wconf 91' lang='grc'><strong>19</strong></span> 
     </span>
    </p>
   </div>
   <div class='ocr_carea' id='block_1_7' title="bbox 0 0 1568 4617">
    <p class='ocr_par' dir='ltr' id='par_1_12' title="bbox 0 0 1568 4617">
     <span class='ocr_line' id='line_1_38' title="bbox 0 0 1568 4617; baseline 0 1"><span class='ocrx_word' id='word_1_301' title='bbox 0 0 1568 4617; x_wconf 95' lang='lat' dir='ltr'><strong> </strong></span> 
     </span>
    </p>
   </div>
  </div>
 </body>
</html>
