3125 4617
644 628 647 633 ι
672 548 831 603 rucuma
1194 548 1256 612 187

140 661 172 702 td.
189 659 299 700 Oudend.
1182 657 1198 696 f.
1213 658 1273 699 1910.
1287 659 1302 699 1.
1318 660 1364 700 tta.

180 735 229 788 (aa)
243 720 363 796 pidam,
385 719 515 777 musicae
539 718 666 792 dulcem,
689 718 862 777 dialecticae
886 718 1079 791 austerulam,
1102 719 1163 796 iam
1186 736 1256 776 uero

244 809 401 866 uniuersae
422 806 626 882 philosophiae
647 807 856 883 inexplebilem
872 807 985 865 scilicet
998 801 1066 884 <et>
1079 809 1256 865 nectaream.

245 898 329 956 cauit
352 896 430 955 euim
453 895 645 972 Empedocles
669 897 814 970 earmina,
841 895 928 954 Plato
952 895 1098 972 dialogos,
1121 896 1257 954 Socrates

244 987 380 1061 hymnos,
395 984 589 1060 Epicharmus
603 985 714 1058 modos,
732 984 895 1059 Xenophon
909 984 1059 1058 historias,
1077 985 1256 1043 Xenocrates

217 1076 368 1136 seatiras:
404 1073 549 1149 Apuleius
585 1075 684 1132 uester
719 1073 792 1132 haec
828 1073 929 1131 omnia
959 1092 1124 1148 nouemque
1156 1073 1256 1131 Musas

245 1165 313 1239 pari
336 1161 435 1222 studio
458 1163 538 1238 colit,
561 1163 672 1222 maiore
691 1162 804 1221 seilicet
821 1162 977 1221 uoluntate
996 1181 1086 1237 quam
1103 1162 1256 1235 facultate,

245 1272 338 1328 eoque
367 1253 542 1327 propensius
571 1252 697 1310 fortasse
726 1250 892 1310 laudandus
922 1253 983 1325 est,
1013 1250 1091 1326 quod
1122 1251 1256 1309 omnibus

243 1343 329 1402 bouis
352 1341 384 1398 in
406 1341 493 1399 rebus
516 1343 639 1400 conatus
661 1341 694 1398 in
716 1339 817 1414 laude,
841 1340 960 1399 effeetus
983 1340 1016 1397 in
1038 1358 1108 1398 casu
1132 1343 1189 1414 est,
1211 1340 1257 1398 ita

245 1433 279 1488 ut
302 1432 405 1489 contra
427 1431 460 1487 in
488 1429 641 1488 maleficiis
672 1430 762 1510 etiam
792 1430 923 1505 cogitata
949 1429 1073 1503 scelera,
1102 1447 1162 1487 uon
1191 1447 1257 1503 per-

204 1541 233 1581 ro
245 1520 325 1578 fecta
348 1518 443 1576 adhuc
461 1517 659 1592 uindicantur,
682 1520 804 1576 cruenta
822 1520 929 1591 mente,
951 1537 1028 1593 pura
1045 1537 1145 1575 mauu.
1187 1537 1257 1594 ergo

246 1610 323 1668 sicut
347 1607 384 1665 ad
406 1625 532 1682 poenam
555 1607 665 1666 sufficit
687 1606 826 1666 meditari
844 1605 1003 1683 punienda,
1026 1608 1068 1665 sic
1087 1609 1117 1665 et
1137 1606 1175 1665 ad
1194 1606 1257 1664 lau-

150 1751 154 1758 .
245 1698 312 1756 dem
336 1697 409 1756 satis
433 1698 478 1756 est
501 1697 602 1754 conari
619 1696 827 1771 praedicanda.
865 1715 940 1770 quae
960 1698 1060 1754 autem
1078 1695 1173 1754 maior
1191 1695 1257 1754 laus

246 1789 298 1844 out
321 1787 442 1860 certior,
466 1804 556 1860 quam
580 1784 754 1862 Carthagini
775 1783 960 1859 benedicere,
987 1785 1040 1843 ubi
1061 1786 1126 1842 tota
1150 1785 1257 1842 ciuitas

245 1875 439 1934 eruditissimi
471 1874 555 1948 estis,
587 1892 677 1948 penes
709 1892 780 1949 quos
810 1891 926 1932 omnem
956 1873 1143 1948 disciplinam
1171 1875 1257 1948 pueri

205 1985 231 2024 rs
245 1965 378 2037 discunt,
407 1963 528 2021 iuuenes
552 1965 717 2038 ostentant,
748 1981 831 2021 senes
854 1960 980 2022 docent?
1018 1960 1167 2038 Carthago
1189 1981 1257 2036 pro·

244 2053 361 2112 uinciae
393 2054 513 2111 nostrae
545 2052 690 2128 magistra
726 2052 918 2125 uenerabilis,
957 2050 1106 2127 Carthago
1137 2050 1257 2109 Africae

244 2143 331 2201 Musa
354 2141 499 2215 caelestis,
524 2139 671 2218 Carthago
697 2139 825 2199 Camena
847 2142 1026 2218 togatorum.

143 2233 210 2290 XX*
220 2245 263 2299 (aa)
313 2230 413 2289 Habet
426 2229 575 2288 interdum
589 2232 619 2288 et
637 2230 804 2289 necessaria
821 2230 975 2288 festinatio
993 2228 1132 2288 honestas
1150 2247 1257 2302 moras,
1272 2243 1288 2283 r.
1302 2244 1349 2284 rou.

246 2339 333 2395 saepe
356 2319 401 2378 uti
424 2319 511 2378 malis
535 2318 756 2393 interpellatam
779 2319 978 2378 uoluntatem:
1002 2318 1111 2393 quippe
1135 2317 1257 2391 stillis,

206 2430 232 2469 so
246 2409 353 2484 quibus
381 2407 526 2466 curriculo
561 2407 694 2466 confecta
726 2409 777 2466 uia
805 2426 878 2483 opus
911 2410 968 2482 est,
1001 2407 1074 2466 adeo
1101 2407 1147 2465 uti
1172 2425 1256 2481 prae-

245 2499 351 2575 optent
376 2496 502 2572 pendere
533 2515 607 2570 equo
638 2515 728 2572 quam
756 2499 895 2572 carpento
922 2496 1022 2555 sedere
1051 2499 1173 2570 propter
1195 2515 1256 2554 mo-

245 2588 349 2646 lestias
363 2586 546 2644 sarcinarum
565 2588 595 2644 et
607 2585 739 2660 pondera
757 2585 960 2644 uehiculorum
979 2587 1008 2644 et
1025 2603 1123 2643 moras
1142 2583 1258 2643 orbium

246 2679 276 2734 ct
299 2675 430 2734 salebras
454 2675 631 2734 orbitarum:
669 2666 742 2732 adde
770 2677 801 2732 et
827 2673 961 2749 lapidum
984 2672 1112 2751 globos!
1133 2677 1164 2732 et
1187 2691 1253 2732 oau-
1275 2672 1346 2731 XXI

246 2765 345 2822 dicum
366 2766 448 2822 toros
472 2766 502 2822 et
524 2782 695 2839 camporum
717 2764 798 2822 riuos
827 2764 857 2821 et
883 2764 1004 2820 collium
1032 2763 1133 2821 cliuos.
1177 2762 1258 2821 hisce

207 2875 232 2916 ss
245 2854 340 2930 igitur
362 2853 553 2912 moramentis
576 2853 711 2911 omnibus
735 2854 787 2927 qui
809 2852 915 2910 uolunt
942 2852 1075 2911 deuitare
1096 2839 1138 2909 'ac
1159 2854 1257 2909 uecto-

177 2957 232 3009 (10⁰)
246 2962 309 3001 rem
333 2941 451 3000 sibimet
479 2960 587 3016 equum
611 2939 745 3018 deligunt
768 2941 902 2999 diutinae
926 2941 1120 3015 fortitudinis,
1143 2941 1258 2998 uiuacis

247 3031 443 3108 pernicitatis,
465 3029 496 3088 id
521 3032 574 3105 est,
597 3032 627 3089 et
648 3031 725 3088 ferre
748 3029 882 3088 ualidum
905 3032 936 3088 et
958 3031 1001 3089 irc
1023 3029 1169 3105 rapidum,

320 3260 335 3306 2
355 3252 504 3306 uniuersae
520 3251 630 3306 Celsius
645 3253 791 3306 uniuersas
805 3253 857 3321 Fp
874 3254 878 3324 Ι
895 3252 1258 3322 inexplebiles-nectareas

254 3327 359 3380 Wower
379 3327 383 3394 Ι
408 3323 480 3396 (et)
500 3325 564 3378 add.
585 3323 695 3378 Celsius
767 3330 782 3376 3
802 3323 977 3394 Enpedocles
996 3324 1044 3392 qu
1062 3334 1065 3385 Ι
1082 3323 1258 3394 dyalogosF

247 3404 264 3451 4
279 3395 505 3465 Epycharmusl*
520 3394 719 3464 Epicarmusp
736 3396 740 3466 Ι
756 3395 926 3450 Xenocrates
941 3396 989 3464 Frp
1005 3394 1191 3464 Xenophanes
1206 3395 1257 3448 Kr.

248 3485 310 3523 eum
325 3466 486 3521 Ocaauborw
505 3463 601 3519 Grates
616 3467 710 3521 Rotde
765 3467 946 3536 tsatyrasF
1001 3471 1034 3519 13
1053 3465 1259 3535 KarthaginiF

144 3603 145 3606 Ἰ
247 3540 287 3594 sic
311 3555 352 3594 as.
379 3542 425 3604 15,
456 3542 488 3590 16
512 3544 536 3592 et
566 3543 597 3590 11
628 3537 789 3608 Karthago,
815 3539 847 3592 ia
874 3559 895 3607 φ
925 3538 1024 3608 ubique
1055 3535 1200 3607 cartagini
1235 3543 1261 3590 et

249 3609 379 3680 cartago,
398 3610 455 3663 aiei
473 3609 545 3677 qued
563 3626 603 3663 ae.
626 3614 658 3662 15
676 3609 755 3663 hebet
767 3609 894 3679 Kartago
949 3613 982 3662 14
1001 3609 1112 3677 penes*
1168 3613 1200 3661 17
1216 3625 1260 3692 ep-

248 3680 328 3735 lestis
347 3680 369 3732 l*
389 3679 540 3747 celestisp
613 3685 647 3734 24
666 3679 809 3749 riuiccsp
891 3685 924 3733 25
944 3696 977 3734 ac
995 3680 1133 3733 uictorem
1150 3680 1199 3749 Fa
1219 3683 1260 3750 (aa

249 3805 299 3858 rag.
320 3808 341 3855 φ
364 3803 397 3840 m.
417 3805 439 3841 r.
459 3803 509 3840 scr.
529 3762 556 3844 0⁸]
574 3788 726 3856 uectorem)
750 3787 785 3853 ef.
804 3786 871 3840 Met.
890 3787 929 3839 III
947 3792 990 3854 26,
1015 3806 1043 3856 p.
1063 3792 1104 3840 65.
1117 3793 1145 3853 ⁷3
1164 3787 1216 3841 VH
1234 3793 1259 3853 2,

249 3877 277 3928 p.
298 3863 402 3912 14215
502 3863 535 3910 26
554 3857 674 3929 uiuacis]
694 3857 795 3910 uiuace
812 3858 834 3910 F
853 3859 887 3925 cf.
908 3858 973 3912 Met.
992 3857 1045 3911 VII
1063 3863 1087 3925 5,
1108 3877 1134 3928 p.
1156 3864 1214 3913 145.
1226 3864 1260 3912 20

250 3935 284 3982 27
302 3929 334 3981 id
353 3929 407 3998 est]
428 3928 503 3981 idern
522 3928 570 3997 Fa
