3125 4617
635 506 818 563 aroucam
1189 511 1231 576 59

146 647 151 658 .
167 618 274 658 Oudend.
1156 621 1171 660 f.
1187 622 1275 661 usal.
1291 623 1337 663 122.

217 681 285 738 seis.
332 697 406 752 quae
431 676 559 735 aliaest
589 674 753 735 euidentior
780 676 949 749 calumnia?
995 680 1231 753 quattuordecim
1337 738 1339 741 .

217 769 300 827 serui
328 767 427 842 petitu
454 769 507 824 tuo
538 764 660 838 adsunt,
693 783 741 824 eos
772 765 953 840 dissimulas3
985 786 1060 826 unus
1089 771 1230 844 puerulus

217 857 319 930 abest,
351 874 418 913 eum
448 854 611 912 insimulas.
665 855 815 930 postremo
846 857 921 930 puta
947 855 1086 914 Thallum
1120 858 1229 917 adesse.

217 947 290 1020 quid
311 942 379 1004 uis?
402 943 448 1001 uis
470 942 604 1018 probare,
628 961 695 1001 eum
711 945 867 1018 praesente
885 963 932 1002 me
950 945 1123 1004 concidisset
1150 947 1230 1006 ultro

190 1033 369 1094 sconfiteor.
414 1033 542 1090 carmine
564 1031 596 1089 id
619 1032 732 1090 factum
754 1031 842 1091 dicis:
872 1033 928 1092 hoo
949 1053 1023 1109 puer
1045 1036 1152 1109 nescit,
1175 1055 1229 1112 ego

218 1143 277 1182 non
301 1123 415 1181 factum
436 1121 568 1195 reuinco,
597 1139 669 1180 nam
700 1120 843 1179 caducum
870 1139 933 1180 esse
959 1141 1085 1198 puerum
1113 1143 1167 1184 nec
1195 1128 1230 1184 tu

219 1212 342 1271 audebis
373 1229 491 1286 negare.
536 1227 588 1267 cur
620 1228 689 1285 ergo
722 1210 846 1268 carmini
876 1211 977 1285 potius
1010 1231 1099 1286 quam
1128 1213 1230 1272 morbo

219 1300 402 1360 attribuatur
425 1300 493 1358 eins'
509 1296 616 1356 ruina?
648 1317 685 1355 an
715 1300 833 1356 euenire
862 1317 922 1357 non
950 1301 1063 1375 potuit,
1092 1304 1127 1360 ut
1153 1303 1230 1361 forte

145 1391 376 1466 compraesentc
394 1407 440 1446 mo
455 1387 533 1445 idem
546 1388 708 1463 pateretur,
727 1387 806 1462 qnod
824 1405 912 1462 saepe
931 1389 1006 1448 alias
1024 1390 1127 1449 multis
1145 1410 1229 1467 prae·

151 1494 205 1546 (eos)
218 1475 371 1538 sentibus?
395 1476 474 1551 quod
497 1477 523 1534 si
545 1495 686 1552 magnum
699 1479 836 1551 putarem
854 1476 996 1545 caducum
1014 1478 1135 1553 deicere,
1158 1480 1230 1554 quid

181 1590 204 1627 11
218 1586 291 1643 opus
316 1565 445 1626 carmine
467 1565 541 1639 fuit,
570 1583 637 1623 cum
659 1566 795 1624 incensus
818 1567 942 1641 gagates
965 1567 1058 1641 lapis,
1087 1570 1122 1626 ut
1151 1568 1231 1644 apud

217 1657 356 1733 physicos
379 1655 461 1731 lego,
490 1654 611 1728 pulchre
642 1656 672 1713 et
701 1654 789 1712 facile
817 1654 897 1711 hunc
925 1655 1060 1713 morbum
1089 1657 1230 1732 exploret,

217 1747 300 1805 ouius
325 1744 428 1803 odores
452 1744 543 1801 etiam
563 1745 595 1800 in
618 1743 770 1801 uenaliciis
794 1744 886 1819 uulgo
905 1744 1064 1803 sanitatem
1084 1748 1136 1803 aut
1153 1765 1229 1805 mor·

216 1835 287 1893 bum
310 1834 462 1892 uenalium
490 1830 699 1907 experiantur?
730 1832 821 1889 etiam
851 1832 929 1891 orbis
954 1851 971 1890 a
993 1832 1085 1909 figulo
1108 1835 1229 1892 circum-

182 1943 204 1983 15
218 1927 302 1982 actus
320 1941 380 1980 non
400 1920 519 1980 difficile
538 1921 668 1980 eiusdem
686 1920 868 1979 ualetudinis
890 1920 1039 1980 hominem
1055 1916 1066 1999 11
1083 1923 1229 1998 uertigine

218 2015 263 2072 sui
275 2012 407 2086 corripit.
431 2012 475 2069 ita
489 2011 689 2086 spectaculum
702 2011 861 2069 rotationis
878 2010 940 2068 eius
957 2011 1088 2068 animum
1097 2012 1230 2069 sancium

217 2101 369 2173 debilitat,
398 2119 431 2158 ac
453 2099 547 2158 multo
572 2100 639 2175 plus
663 2097 701 2156 ad
723 2098 849 2157 caducos
871 2098 1099 2158 consternendos
1120 2099 1229 2176 figulus

217 2191 300 2248 ualet
324 2208 414 2264 qnam
436 2207 549 2265 magus.
584 2190 620 2245 tu
641 2187 755 2246 frustra
776 2187 947 2264 postulasti,
968 2189 1004 2246 ut
1026 2205 1126 2246 seruos
1150 2188 1227 2246 exhi·

219 2279 331 2338 berem:
362 2296 416 2354 ago
445 2295 505 2335 non
527 2276 563 2334 da
590 2275 683 2334 nihilo
706 2278 839 2352 postulo,
868 2279 904 2335 nt
932 2277 1078 2351 nomines,
1108 2278 1229 2351 quinam

183 2370 309 2428 antestes
334 2367 403 2425 huic
432 2366 577 2440 piaculari
607 2383 689 2424 sacro
721 2365 885 2440 adfuerint,
915 2384 982 2424 cum
1011 2384 1065 2442 ego
1094 2368 1229 2425 ruentem

218 2456 358 2515 Thallum
389 2454 579 2528 impellerem.
625 2474 717 2512 unum
747 2456 879 2513 omnium
908 2455 1043 2514 nominas
1072 2456 1229 2530 puerulum

216 2546 303 2602 illum
327 2543 470 2602 Sicinium
491 2543 671 2618 Pudentem,
701 2544 783 2603 cuius
813 2563 859 2602 me
888 2544 1006 2601 nomine
1030 2561 1157 2602 accusas.
1203 2546 1228 2603 is

218 2635 297 2692 enim
320 2632 450 2691 adfirissc
478 2652 509 2692 se
539 2632 624 2691 dicit:
661 2633 743 2691 ouius
773 2632 903 2707 pueritia
933 2633 990 2691 etsi
1018 2632 1094 2689 nihil
1124 2632 1162 2691 ad
1184 2653 1228 2691 re·

219 2723 363 2800 ligionem
397 2722 613 2798 refragaretur,
653 2724 754 2780 tamen
791 2722 939 2779 accusatio
974 2720 1063 2778 fidem
1098 2721 1227 2798 deroget.

290 2897 324 2944 10
343 2889 414 2944 Plin.
434 2893 491 2944 nat.
511 2889 576 2944 hist.
595 2889 710 2942 XXXVI
730 2894 771 2956 19,
787 2895 850 2942 1421
870 2890 998 2958 (gagates
1012 2889 1096 2958 lapis)
1111 2890 1229 2957 depren-

344 2961 387 3017 dit
405 2961 544 3015 sonticum
562 2959 690 3014 morbum
708 2961 737 3014 et
754 2959 949 3028 uirginitatem
968 2959 1086 3014 suffitus.

289 3109 303 3156 1
324 3102 485 3171 calumpnia
505 3123 526 3172 φ
543 3105 546 3171 Ι
562 3104 618 3157 ΧΙΙΙΙ
632 3102 681 3171 Fa>
697 3102 750 3170 (bic
768 3103 842 3154 abest
858 3099 998 3170 siquem)
1054 3105 1069 3152 3
1088 3102 1227 3181 postremo

217 3177 285 3244 puta
305 3173 356 3228 Th
394 3175 500 3228 adesse
521 3173 668 3241 quiduis?
691 3172 960 3240 seripsc'postremo
983 3170 1052 3237 quid
1075 3170 1136 3223 uis?
1158 3172 1228 3238 puta

218 3245 267 3299 'lh
288 3246 334 3298 ad
353 3246 438 3315 aalys
456 3262 517 3299 eum
535 3245 603 3310 cdd
622 3261 673 3314 mp.
693 3243 825 3296 Fbobet:
819 3240 946 3294 thallu³
998 3246 1094 3294 finam
1108 3241 1229 3296 Bosscha

217 3387 283 3423 num
293 3369 343 3438 Frp
351 3370 386 3436 cf.
397 3373 438 3422 16.
451 3373 484 3421 10
493 3385 567 3420 nunc
578 3367 628 3421 Κ(
668 3371 701 3419 10
710 3381 844 3436 magnum
853 3365 874 3416 F
884 3380 998 3434 magum
1008 3385 1029 3433 φ
1041 3365 1045 3437 1
1058 3364 1167 3419 deicere
1177 3365 1227 3434 Frp

219 3445 249 3494 12
275 3439 400 3562 phisicos
426 3439 475 3507 qu
584 3443 617 3491 13
644 3437 742 3491 odores
768 3437 790 3488 F
817 3436 901 3489 odore
925 3436 977 3489 Kr
1007 3438 1011 3504 1
1041 3435 1227 3489 uenaliciisF

217 3523 418 3635 uenaliocsssptjrp
492 3566 524 3615 15
539 3561 712 3615 ualetudinis
731 3561 752 3612 F
771 3559 979 3628 ualitudiniso
1054 3565 1086 3613 16
1101 3560 1227 3630 corripit]

218 3688 346 3758 coarguit
368 3689 508 3742 cherus
572 3690 603 3738 17
624 3685 740 3739 caduco-
742 3683 769 3738 se
787 3684 809 3736 F
877 3689 911 3766 29
925 3683 1073 3767 adfuerint
1091 3685 1113 3738 F
1132 3633 1227 3751 adfue-

217 3760 313 3828 11111φ
419 3755 860 3878 1111111111110111111111111111
882 3754 1012 3809 sicinium
1033 3753 1196 3826 pudentem
1205 3778 1227 3825 φ

218 3889 250 3936 23
269 3882 396 3956 adfuisse
415 3882 436 3935 F
457 3879 570 3934 affuisse
589 3902 610 3950 φ
630 3884 635 3950 l
659 3895 803 3950 regionem
820 3879 842 3932 F
919 3885 954 3934 24
972 3896 1002 3934 se
1020 3880 1208 3952 hagaretur'
1196 3900 1228 3936 aa
