3125 4617
333 505 397 570 160
605 505 635 560 u.
654 505 790 560 arvum
806 505 1067 562 mammea

222 615 314 657 ωσι».
328 614 345 655 ι
358 614 406 655 rsa
1288 617 1327 657 sa
1337 615 1384 656 oui

329 693 422 750 quam
438 673 471 733 in
492 677 523 734 te
545 677 634 750 parta
656 675 732 750 laus,
754 675 814 735 nisi
831 693 898 734 eam
916 677 1064 736 titalem
1079 677 1268 737 estimem:
1290 682 1337 753 qui

329 764 446 823 utinam
467 767 611 840 perpetuo
640 764 744 824 liemet
772 765 847 824 fruit
882 765 956 840 quid
980 765 1068 826 nobis
1095 785 1165 825 oum
1185 767 1255 826 istis
1275 785 1336 842 pro·
1414 760 1416 845 1

329 853 487 913 oonsulnm
509 853 633 928 uicibus,
656 852 727 929 quid
750 871 818 912 omn
840 854 928 914 annis
948 853 1090 915 breuibus
1117 859 1149 915 et
1173 856 1337 916 festinanti·
1414 854 1416 911 ἶ

329 942 385 1002 bus
406 941 577 1002 mensibus?
609 961 627 1001 o
650 943 759 1002 oeleres
780 943 928 1002 bonorum
947 943 1102 1003 hominum
1122 944 1197 1019 dies
1218 964 1238 1004 o
1260 965 1338 1022 prae

330 1031 428 1091 aidum
450 1032 631 1109 optimorum
653 1033 747 1090 oitata
764 1033 924 1090 ourrioulai
945 1033 1008 1092 iam
1022 1036 1064 1108 te,
1087 1032 1258 1108 Seueriane,
1278 1037 1339 1094 soa
1360 1053 1372 1092 s

330 1121 484 1198 prouincia
511 1119 750 1182 desiderabimus.
804 1122 956 1181 enimuero
977 1122 1165 1182 Honorinum
1193 1126 1226 1183 et
1250 1123 1338 1183 honos

330 1227 401 1270 suus
425 1209 463 1267 ad
489 1212 662 1286 praeturam
688 1212 790 1285 uocat,
820 1211 851 1269 et
879 1211 968 1270 fauor
996 1210 1157 1272 Caesarum
1177 1212 1219 1271 ad
1239 1231 1339 1272 oonsu-

329 1299 426 1357 latum
446 1299 571 1374 format,
600 1302 632 1359 et
654 1318 738 1359 amor
758 1301 861 1358 nostor
887 1301 1158 1376 inpraesentiarum
1185 1305 1284 1377 tenet,
1313 1305 1340 1361 et

328 1405 397 1463 spes
426 1386 615 1465 Carthaginis
645 1389 678 1448 iu
708 1389 845 1448 futurum
875 1389 1016 1465 spondet,
1045 1409 1106 1456 uno
1128 1391 1240 1450 solatio
1266 1392 1338 1450 fruta
1414 1396 1416 1477 y

329 1477 457 1553 exempli
478 1477 539 1551 tui,
562 1476 641 1552 quod
665 1479 717 1554 qui
738 1478 857 1555 legatus
877 1479 1024 1553 mittitur,
1046 1480 1208 1554 proconsul
1228 1480 1270 1539 ad
1288 1498 1337 1539 nos
1348 1499 1374 1538 1o
1414 1482 1415 1507 ³

329 1566 389 1624 eito
410 1583 583 1625 reuersurus
605 1569 659 1625 est.

278 1743 306 1802 X
464 1741 515 1802 Sol
538 1744 590 1819 qui
613 1744 789 1804 candentem
808 1745 926 1804 feruido
944 1764 1033 1806 sumu
1054 1748 1146 1821 atque
1168 1748 1255 1822 equis

459 1832 610 1892 flammam
632 1834 732 1894 oitatis
754 1834 870 1893 feruido
893 1835 998 1894 ardore
1020 1835 1164 1912 explicas:

322 1957 456 2032 itemque
488 1957 609 2017 luminis
646 1958 709 2018 eius
740 1957 826 2017 Luna
857 1959 1003 2036 discipula
1035 1977 1089 2018 neo
1120 1978 1181 2018 non
1212 1961 1340 2037 quinque
1352 1976 1390 2022 (⁴11

326 2048 441 2105 eeterae
463 2047 640 2125 uagantium
661 2050 839 2123 potestates:
871 2047 952 2108 Iouis
974 2048 1119 2123 benefica,
1140 2048 1270 2109 Veneris
1292 2067 1376 2108 llo-15

326 2135 470 2212 luptu'fioa,
491 2137 597 2212 pernix
614 2135 751 2210 Mercuri,
773 2137 939 2214 perniciosa
958 2135 1089 2212 Saturni,
1111 2137 1219 2198 Martis
1236 2139 1343 2215 ignita.

327 2227 398 2285 sunt
421 2227 452 2284 et
474 2224 552 2284 aliae
574 2223 689 2284 mediae
711 2224 800 2284 deum
822 2228 1000 2303 potestates,
1032 2245 1106 2303 quas
1128 2226 1201 2286 lieet
1223 2229 1343 2302 sentire,

324 2333 385 2373 non
417 2313 506 2372 datur
538 2332 669 2388 cernere,
705 2316 740 2373 ut
770 2314 890 2374 Amoris
922 2318 1145 2392 oeterorumque
1176 2317 1210 2374 id
1238 2335 1343 2396 genus,

326 2421 452 2478 quorum
483 2403 580 2462 forma
610 2402 781 2478 inuisitata,
818 2405 864 2463 uis
896 2406 1025 2482 oognita
1079 2406 1154 2464 item
1178 2406 1213 2464 in
1244 2408 1343 2481 terris,

325 2493 475 2566 uteunque
497 2490 703 2568 prouidentiae
725 2493 804 2551 ratio
826 2494 979 2569 posoebat,
1011 2493 1084 2552 alibi
1114 2496 1265 2554 montium
1298 2504 1416 2556 arn-1411

325 2578 399 2638 duos
422 2581 548 2640 uertioes
575 2580 691 2656 extulit,
719 2581 792 2640 alibi
819 2600 991 2658 camporum
1017 2583 1158 2660 supinam
1182 2584 1343 2660 planitiem
1356 2603 1377 2641 21

326 2669 515 2744 eoaequauit:
537 2670 668 2746 itemque
691 2671 801 2746 ubique
823 2670 960 2730 distinxit
983 2673 1115 2730 amnium
1131 2671 1251 2742 fluores,
1275 2693 1342 2752 pra-

326 2758 427 2816 torum
447 2758 570 2833 uiroms,
592 2759 667 2817 item
688 2759 771 2818 dedit
793 2761 912 2819 uolatus
935 2759 1050 2836 auibus,
1075 2761 1198 2821 uolutus
1222 2781 1340 2842 serpen·

326 2845 416 2921 tibus,
439 2863 541 2906 oureus
563 2848 644 2923 feris,
666 2866 784 2926 gressus
806 2849 983 2909 hominibus.

399 3021 432 3070 12
456 3013 553 3069 Soaen.
576 3015 656 3070 Rom.
675 3017 768 3086 poesis
790 3016 891 3087 fragm.
915 3017 958 3071 ed
981 3017 1065 3071 Ribb.
1083 3018 1138 3074 vot
1156 3020 1225 3090 L'p.
1246 3028 1301 3078 244
1317 3029 1342 3077 et

451 3086 612 3141 Priscianus
628 3087 739 3144 111424
757 3088 791 3143 K
810 3091 846 3156 of.
864 3088 961 3158 Iturip.
979 3088 1083 3144 Phoen
1104 3095 1184 3162 lsqq.

399 3254 414 3302 1
433 3247 664 3318 eam-quan
679 3248 1045 3316 eum-quodteweetKr.
1058 3249 1341 3325 tradidissessoripa'

327 3318 454 3374 &disses
472 3319 522 3389 Pp
545 3319 575 3373 in
597 3319 700 3374 iuuene
718 3318 864 3442 <parata3
882 3335 970 3386 quam
990 3320 1021 3373 in
1041 3322 1072 3374 ts
1094 3325 1180 3390 parta
1197 3323 1339 3380 Kromnt.

327 3390 662 3446 ouioioibmFoelersF
716 3390 837 3462 spraesi
855 3391 1119 3460 nmppruesidium
1131 3393 1213 3449 Hs.
1261 3397 1342 3451 flde-

327 3461 512 3516 eiderabimus
521 3460 1026 3531 Knemsmeesidenmusse
1071 3461 1221 3520 reomau
1230 3483 1342 3523 ωηατ

327 3530 454 3588 Caesaris
473 3555 495 3603 φ
551 3537 569 3587 8
586 3533 841 3604 inpraesentiarum
853 3532 904 3601 Fe
954 3538 970 3585 9
989 3532 1094 3590 solatio
1111 3535 1164 3605 Fe
1230 3544 1263 3592 11
1279 3545 1342 3594 refi-

327 3619 408 3659 eurus
426 3604 448 3658 F
521 3610 554 3658 12
572 3604 725 3659 mirantem
743 3603 864 3658 eandido
882 3619 966 3656 ourrn
978 3605 1117 3660 Pensm
1193 3614 1227 3662 15
1246 3613 1341 3665 aetem

327 3691 401 3746 euag
418 3679 483 3746 (ros.
502 3677 535 3730 in
551 3693 608 3744 pao
625 3676 656 3729 in
672 3677 759 3742 fuisse
775 3675 846 3740 aid.)
864 3674 974 3727 antium
990 3675 1013 3727 F
1036 3679 1132 3730 ostem
1154 3683 1342 3748 erogantium

326 3763 350 3812 φ
367 3747 403 3810 cs.
421 3761 509 3812 sopra
527 3751 587 3798 res.
598 3751 641 3811 13,
660 3752 694 3799 ss
713 3745 759 3806 0.,
798 3787 805 3796 .
824 3749 866 3797 ιο.
878 3750 913 3796 14
929 3744 977 3798 Kr.
992 3745 1099 3816 <neap
1120 3753 1237 3817 sorae,
1251 3757 1288 3806 aa
1300 3753 1340 3819 0.,

326 3829 354 3880 p.
374 3814 635 3882 11.17Kr.(11'lor.)
726 3821 760 3868 16
807 3813 949 3882 ercuriip
1040 3821 1074 3870 1⁷
1095 3817 1182 3874 desim
1204 3821 1227 3874 F
1251 3823 1340 3893 emp

329 3885 362 3932 19
384 3881 522 3934 inusitata
539 3883 594 3950 Fp
665 3889 700 3936 22
719 3883 870 3950 ooequauit
885 3882 937 3950 1¹9
