3125 4617
626 529 811 586 APOLOGIA
1183 529 1225 595 97

151 641 263 684 omens.
1149 641 1166 682 r.
1180 643 1242 685 sees.
1254 644 1271 684 r.
1285 646 1337 687 ree.

207 702 329 763 causari
350 702 501 762 maluisse.
546 719 586 760 sn
613 702 678 760 sole
700 697 837 759 Pheedrn
863 699 974 759 fulsum
996 700 1168 775 epistolium
1189 703 1226 762 de

208 808 311 852 amore
335 793 502 851 commenta
525 792 579 866 est,
602 793 635 850 et
656 808 717 848 nen
735 788 872 849 omnibus
894 789 1068 849 mulieribus
1086 791 1159 849 haec
1177 811 1226 852 ers

207 883 325 941 usitata
355 882 416 955 est,
446 882 495 954 ut,
524 897 592 938 cum
622 877 736 955 aliquid
764 879 827 937 eius
854 879 935 937 modi
957 879 1035 937 uelle
1057 885 1227 957 coeperunt,

207 970 319 1028 malint
351 971 471 1028 cunctae
503 965 618 1027 uideri?
651 967 730 1044 qued
763 967 789 1027 si
819 967 912 1027 etiem
938 961 1015 1046 <er>
1043 968 1143 1027 auimo
1172 970 1227 1030 illu

143 1060 335 1136 imputauit
347 1076 395 1116 me
412 1075 535 1135 magum
553 1075 625 1133 esse,
647 1055 795 1117 idcircone
812 1074 918 1134 magns
939 1056 1059 1131 habear,
1082 1058 1228 1136 quiahoc

181 1170 195 1210 c
209 1147 332 1223 scripsit
344 1144 537 1206 Pudentilla?
555 1165 609 1206 uos
622 1148 671 1206 tot
684 1145 877 1224 argumentis,
893 1140 905 1224 ΙΙ
921 1147 969 1205 tet
984 1145 1121 1223 testibus,
1138 1151 1227 1208 tante
1240 1164 1256 1205 r.
1271 1168 1333 1207 reru

210 1237 347 1296 oratione
365 1253 488 1312 megum
505 1252 552 1294 me
571 1253 631 1294 uon
649 1235 797 1311 probatis:
813 1234 945 1301 ille‚un0
959 1235 1049 1295 verbe
1066 1236 1227 1312 preberet?

210 1329 242 1386 et
264 1326 380 1402 quanto
402 1323 525 1384 tandem
547 1324 669 1402 maius
691 1323 861 1382 habendum
883 1325 938 1399 est,
960 1324 1041 1399 quod
1062 1326 1094 1385 in
1116 1326 1227 1386 iudicio

209 1414 417 1488 subscribitur,
441 1431 531 1492 quem
549 1414 630 1489 quod
647 1413 679 1472 in
700 1414 829 1490 epistole
851 1411 1010 1472 scribitur?
1033 1414 1163 1490 quintu
1180 1436 1228 1475 me

170 1526 196 1566 ιο
209 1504 349 1564 meismet
365 1502 464 1578 factis,
486 1519 547 1561 non
565 1502 671 1562 alienis
689 1502 788 1562 uerbis
805 1499 954 1562 reuincis?
977 1505 1107 1562 ceterum
1125 1503 1228 1564 endem

210 1595 263 1652 uie
286 1591 375 1652 multi
402 1592 447 1650 rei
474 1591 605 1652 cuiusuis
631 1590 770 1650 maleficii
801 1591 1049 1667 postulabuntur,
1076 1593 1102 1653 si
1128 1597 1229 1653 return

209 1683 348 1742 futurum
371 1683 429 1755 est,
453 1681 532 1756 quod
556 1680 681 1757 quisque
703 1680 736 1740 in
759 1681 887 1758 epistole
909 1698 964 1740 sue
986 1682 1035 1740 uel
1058 1701 1156 1741 umore
1179 1685 1228 1743 uel

210 1771 281 1831 odio
305 1770 471 1847 cuiuspiam
494 1770 654 1846 scripserit.
691 1764 826 1846 ‘megum
846 1772 877 1828 te
900 1770 1021 1845 scripsit
1041 1769 1228 1832 Pudentilla:

143 1875 196 1930 (ses)
209 1861 306 1938 igitur
329 1877 434 1937 magus
458 1853 507 1917 es’
556 1858 636 1935 quid,
659 1859 686 1918 si
708 1859 859 1918 consulem
881 1877 929 1916 me
951 1860 1131 1935 scripsisset:
1161 1878 1229 1920 con·

172 1970 197 2012 rs
211 1949 260 2009 sul
284 1946 400 2009 essem?
446 1947 519 2024 quid
550 1948 645 2023 enim,
676 1949 701 2007 si
728 1947 887 2023 pictorem,
916 1947 943 2007 si
965 1947 1124 2024 medicum,
1157 1949 1229 2025 quid

211 2039 356 2114 denique,
379 2037 406 2097 si
428 2034 635 2097 innocentem?
679 2057 752 2095 num
774 2036 891 2112 aliquid
912 2037 1019 2095 horum
1039 2040 1162 2112 putares
1184 2037 1229 2097 id-

212 2129 301 2203 circo,
325 2126 405 2203 quod
427 2125 482 2186 ille
504 2123 646 2186 dixisset?
673 2125 749 2185 nihil
772 2124 894 2186 scilicet
930 2125 1016 2201 atqui
1033 2126 1230 2201 periniurium

212 2219 260 2276 est
282 2217 311 2274 ei
332 2214 423 2274 fidem
444 2216 477 2274 in
506 2215 656 2291 peioribus
685 2215 808 2290 hebere,
837 2213 886 2274 cui
913 2215 947 2274 in
975 2214 1146 2275 melioribus
1169 2236 1230 2277 non

212 2305 352 2381 haberes,
380 2321 467 2380 posse
497 2304 615 2364 litteras
643 2305 706 2364 eius
734 2302 773 2363 ad
795 2303 970 2380 perniciem,
998 2321 1059 2362 nou
1081 2322 1168 2381 pesse
1191 2306 1230 2366 cd

175 2417 199 2457 se
215 2394 352 2455 salutem.
399 2387 472 2453 ‘sed’
505 2392 606 2469 inquit
629 2387 776 2472 ³<impoe>
806 2393 896 2451 enimi
929 2394 1001 2468 fuit,
1033 2393 1168 2453 efflictim
1198 2398 1230 2454 te

212 2477 357 2543 amabet'
394 2480 521 2542 concedo
543 2481 672 2542 interim.
710 2501 781 2540 uum
804 2485 905 2541 tumen
928 2500 1029 2541 omnes
1053 2483 1105 2558 qui
1128 2503 1230 2544 smen-

213 2670 283 2739 filio,
294 2701 328 2712 ·-
339 2673 376 2741 (p.
387 2673 431 2724 97.
442 2668 468 2739 1)
482 2668 615 2724 maluisse
634 2671 757 2726 Boescba
775 2668 989 2724 excusabundus
1008 2669 1115 2724 ciilioi'
1130 2676 1156 2744 (c
1173 2673 1230 2739 fere
1299 2675 1303 2691 ⁸

211 2811 295 2852 erasa
313 2795 360 2862 est)
380 2741 571 2848 excuscbdiid’
592 2792 705 2864 effliop

288 2917 867 2989 1maluisset(setinsecoer.m.r.)p
958 2879 1074 2975 tcobcie
1092 2920 1114 2974 F
1130 2923 1136 2991 Ι
1151 2920 1230 2994 (ex)

213 2991 310 3045 animo
328 2991 428 3060 scripsi
446 2989 540 3044 animo
559 2989 609 3058 Fp
629 2996 695 3044 cino
714 2991 751 3059 δΙ
772 2989 824 3043 ille
841 2991 940 3059 scripsi
957 2990 999 3045 itu
1017 2992 1078 3046 cdd.
1151 2997 1231 3047 brne

211 3076 416 3188 ussus
646 3061 964 3188 tiburti
984 3061 1151 3201 rursus
1164 3064 1232 3187 fs

213 3185 269 3288 pl
293 3203 362 3272 quin
384 3153 486 3260 tumme
508 3173 649 3286 meismet]
672 3203 741 3272 quin
763 3205 824 3257 turn
847 3219 863 3257 e
885 3203 1014 3258 meismet
1035 3203 1057 3256 F
1082 3151 1230 3276 qntnipiiej

212 3278 345 3330 meismet
363 3296 385 3344 φ
476 3280 509 3328 12
528 3275 645 3343 „mam
663 3278 734 3329 su0“
755 3275 807 3331 Kr.
899 3280 932 3328 16
956 3274 1097 3348 (uerum)
1116 3278 1231 3345 putares

213 3401 293 3457 Jalm
384 3405 416 3454 18
435 3399 466 3453 iu
483 3397 626 3468 peioribus
645 3404 664 3452 ῑι
682 3359 782 3474 habes?
789 3414 905 3508 Aposse
924 3420 945 3469 φ
965 3401 1007 3471 (ic
1024 3400 1107 3456 calce:
1133 3386 1166 3472 A
1186 3400 1232 3455 cui

213 3507 244 3562 in
261 3506 427 3561 melioribus
445 3515 482 3560 nd
500 3505 619 3561 haberes
638 3507 759 3578 (scripsit
774 3525 809 3562 m.
823 3522 891 3561 carc.
908 3506 997 3576 XIV)
1011 3506 1042 3560 iu
1055 3505 1198 3576 peioribus
1212 3513 1232 3560 ῑι

213 3579 488 3647 haberesposeeF
511 3577 599 3632 uerba
621 3576 942 3633 hebere-melioribus
965 3578 998 3633 in
1020 3580 1038 3632 ὃ
1060 3595 1164 3647 quoque
1186 3579 1232 3633 dc·

214 3657 282 3706 mmt
353 3655 387 3704 20
402 3649 460 3717 sed,
479 3649 581 3719 iuquit,
600 3649 735 3723 (impos)
751 3649 839 3702 enimi
856 3651 956 3720 scripsi
973 3651 1006 3717 cf.
1018 3655 1101 3704 cult
1121 3650 1171 3704 sed
1188 3649 1231 3703 in-

215 3721 288 3790 quid
306 3720 394 3779 enimi
417 3721 474 3775 fuit
490 3721 542 3790 Pp
561 3721 665 3793 (inquit
683 3742 705 3791 φ
724 3738 758 3776 ccc
775 3721 855 3789 corr.)
873 3723 906 3776 irs
924 3742 946 3790 φ
964 3740 999 3776 m.
1018 3737 1086 3777 saec.
1108 3721 1187 3776 XIV
1200 3722 1233 3776 iss

214 3864 268 3918 my.
284 3846 395 3916 scripse
411 3845 542 3915 inquieti,
560 3845 672 3915 inquies
686 3845 774 3900 enimi
789 3846 841 3901 nr.
861 3862 923 3902 cem
935 3846 1017 3902 usu.
1034 3850 1038 3917 ι
1055 3795 1231 3915 οεῆῑοιιέἶῗίρ

215 3920 296 3989 (corr.
315 3935 350 3972 m.
369 3933 436 3973 saec.
458 3917 547 3987 XIV)

270 4016 368 4058 Armi
381 4017 527 4070 Apologia
541 4020 564 4058 et
578 4006 708 4060 Flo'ride.
1057 4012 1073 4060 7
