3125 4617
335 511 376 573 74
609 509 638 561 L.
657 508 791 561 APVLEI
809 507 1068 562 MADAVRENSIS

226 621 241 660 s
257 619 449 753 1¹61‘ttffiipse
471 677 642 736 incredibile
665 678 808 735 futurum.
845 696 915 734 nam
937 677 1046 735 dicitur
1069 680 1138 734 ante
1161 676 1270 735 horam
1287 576 1408 736 illitiomi

334 766 521 826 secundam
513 768 630 826 ieiunus
653 766 749 824 adhuc
778 769 809 824 et
837 764 998 824 abstemius
1027 765 1235 824 testimonium
1265 766 1343 825 istud
1406 756 1407 769 ¹

334 856 508 916 uendidisse,
554 855 647 932 igitur
670 855 789 931 scripsit
811 854 884 913 haec
907 872 937 913 se
961 855 999 912 ad
1021 854 1099 912 huuc
1121 853 1245 913 modum
1268 873 1341 914 com·

334 963 452 1021 perisse.

399 1033 562 1108 Postquam
591 1031 771 1090 Alexandria
801 1032 965 1106 reuenerit,
998 1031 1119 1091 domum
1147 1049 1235 1090 suam
1265 1036 1372 1091 motas

334 1121 526 1195 contendisse,
549 1140 608 1196 qua
630 1121 690 1178 iam
709 1118 887 1189 Quintianus
905 1121 1062 1196 migrarat:
1084 1120 1128 1178 ibi
1145 1119 1177 1177 in
1195 1121 1340 1180 uestibulo

333 1212 443 1270 multas
462 1210 563 1268 auium
580 1210 687 1285 pinnas
707 1209 876 1268 offendisse:
898 1212 1053 1285 praeterea
1070 1209 1199 1284 parietes
1218 1210 1340 1286 fuligine

334 1300 527 1359 deformatos:
559 1298 709 1374 quaesisse
739 1317 843 1357 causas
876 1317 911 1356 ex
942 1317 1027 1357 seruo
1059 1316 1112 1356 suo
1145 1317 1235 1373 quem
1268 1297 1340 1358 Oeae

332 1388 502 1463 reliquerit,
534 1406 658 1462 eumque
688 1386 745 1445 sibi
776 1387 812 1445 de
844 1387 917 1445 meis
948 1389 979 1445 et
1008 1385 1162 1454 Quintiani
1190 1388 1339 1446 nocturnis

335 1477 425 1536 sacris
461 1474 614 1534 indicasse.
670 1495 759 1550 quam
791 1495 861 1535 uero
894 1475 1044 1534 subtiliter
1079 1476 1279 1550 compositum
1313 1480 1340 1534 et
1352 1497 1372 1533 ιι

332 1564 534 1624 uerisimiliter
556 1567 767 1639 commentum,
790 1583 850 1638 me,
877 1565 904 1623 si
927 1562 999 1639 quid
1022 1565 1084 1622 eius
1106 1564 1204 1623 fecere
1228 1564 1339 1638 uellem,

334 1673 394 1714 non
426 1652 506 1712 domi
536 1672 619 1712 meae
651 1653 751 1729 potius
789 1655 938 1711 facturum
973 1653 1077 1726 fuiss03
1115 1651 1310 1721 Quintianum

238 1791 243 1798 .
298 1771 318 1799 a.
332 1745 425 1802 istum
448 1743 500 1818 qui
521 1743 595 1800 milri
613 1743 735 1817 assistit,
758 1762 846 1818 quem
869 1761 923 1818 ego
946 1761 1000 1818 pro
1023 1741 1156 1800 amicitia
1175 1742 1340 1817 quaemihi

333 1851 400 1891 cum
414 1851 448 1892 eo
463 1832 612 1891 artissima
631 1835 676 1890 est
693 1849 806 1907 proque
826 1831 890 1889 eius
910 1831 1030 1908 egregia
1049 1830 1214 1889 eruditione
1235 1833 1267 1890 et
1278 1851 1339 1908 per-

332 1921 494 1981 fectissima
510 1920 680 1996 eloquentia
697 1920 818 1980 honoris
837 1922 867 1977 et
885 1919 982 1978 laudis
1000 1919 1099 1996 gratia
1117 1920 1248 1996 nomino,
1262 1920 1340 1978 -bunc
1351 1937 1370 1977 u

332 2011 425 2088 igitur
448 2009 655 2083 Quintianum,
683 2004 687 2086 Ι
714 2010 740 2068 si
764 2027 839 2084 quas
863 2009 929 2067 auis
956 2008 989 2066 in
1011 2026 1084 2067 cena
1105 2006 1261 2067 habuisset
1282 2012 1338 2082 aut,
1409 2080 1410 2089 χ

333 2100 412 2175 quod
443 2099 540 2173 aiunt,
570 2099 686 2174 magiae
719 2115 809 2156 causa
837 2098 1050 2172 interemisset,
1079 2116 1205 2172 puerum
1227 2097 1339 2155 nullum

332 2187 484 2262 habuisse,
515 2188 566 2262 qui
589 2186 696 2262 pinnas
719 2189 906 2244 conuerreret
928 2189 959 2244 et
980 2187 1060 2244 foras
1083 2185 1228 2244 abiceret!
1259 2205 1338 2262 prae-

333 2281 414 2336 terea
437 2276 513 2334 fumi
535 2277 652 2333 tantam
674 2275 737 2332 uim
759 2274 864 2349 fuisse,
886 2277 921 2332 ut
943 2276 1072 2350 parietes
1096 2277 1175 2333 atros
1197 2275 1338 2349 redderet,
1410 2302 1411 2375 p

334 2383 457 2440 eamque
480 2363 714 2436 deformitatem,
745 2364 842 2437 quoad
870 2363 1034 2438 habitauit,
1063 2381 1185 2439 passum
1207 2364 1240 2421 in
1264 2363 1372 2423 cubi-u

335 2454 400 2512 culo
424 2471 477 2511 suo
496 2451 703 2521 Quintianuml
726 2451 801 2509 nihil
820 2452 902 2528 dicis,
924 2452 1099 2510 Aemiliane.
1137 2471 1196 2511 non
1215 2456 1262 2511 est
1279 2451 1402 2513 ueriso'

334 2541 444 2615 simile,
467 2540 524 2599 nisi
547 2541 624 2599 forte
649 2538 770 2599 Crassus
793 2559 853 2599 non
875 2541 907 2599 in
930 2541 1098 2599 cubiculum
1120 2559 1257 2600 reuersus
1280 2561 1341 2617 per-

333 2630 423 2704 rexit,
446 2628 497 2688 sed
520 2647 572 2688 suc
595 2648 676 2688 more
699 2631 780 2688 recta
804 2631 842 2688 ad
864 2631 970 2689 focum.
1015 2630 1092 2688 unde
1116 2632 1217 2688 autem
1240 2647 1339 2689 seruus
1351 2642 1395 2692 (⁵²⁴¹

336 2716 434 2777 Crassi
448 2718 613 2792 suspicatus
633 2722 686 2794 cst,
705 2722 795 2778 noctu
807 2711 995 2794 potissimum
1013 2718 1141 2794 parietes
1159 2716 1340 2796 fumigatosl

335 2826 374 2865 an
398 2826 433 2864 ex
454 2807 530 2864 fumi
553 2806 670 2866 colore?
692 2807 832 2866 uidelicet
854 2809 954 2866 fumus
977 2810 1137 2867 nocturnus
1160 2807 1276 2884 nigrior
1298 2809 1374 2866 estse

335 2915 428 2971 eoque
457 2894 563 2955 diurno
592 2897 674 2954 fumo
704 2895 812 2954 differt.
858 2915 910 2954 cur
939 2900 1041 2955 autem
1070 2896 1209 2971 suspicax
1238 2914 1339 2955 seruus

335 3004 368 3044 ac
397 2987 459 3043 tam
492 2983 616 3061 diligens
646 3002 753 3062 passus
786 2987 842 3058 est,
876 2982 1069 3052 Quintianum
1100 2985 1228 3061 migrare
1261 2986 1341 3060 prius

407 3263 688 3383 remansionem
699 3319 855 3383 lpeunascp
888 3313 1001 3380 oreliq‘
1001 3313 1181 3383 ήιῈφ(ποπ.
1190 3314 1341 3380 reiquerat)
1410 3372 1411 3375 Ἰ

337 3439 522 3492 14ιιήιιιίιιιι
540 3439 561 3491 F
580 3438 737 3492 arctissima
757 3460 778 3507 φ
799 3442 803 3508 1
820 3397 1092 3508 egreg12⁸3mditione
1110 3438 1132 3490 F
1148 3439 1254 3507 (imisit
1266 3455 1301 3492 m
1311 3440 1343 3504 r)
1410 3430 1411 3505 J

337 3569 369 3616 16
388 3563 489 3616 inoena
507 3563 556 3631 Fu
630 3568 662 3617 18
680 3578 788 3631 pennas
807 3583 829 3631 φ
848 3563 883 3629 cs.
903 3564 939 3631 71
960 3564 1135 3616 conuerteret
1153 3583 1174 3631 φ
1195 3565 1200 3631 Ι
1222 3561 1344 3616 abiceret

336 3687 384 3755 Ρφ
457 3692 489 3738 21
510 3687 659 3741 aemiliane
678 3693 782 3754 ‹ppost
799 3685 956 3739 Aemiliane
978 3687 1159 3741 miserescens
1178 3686 1230 3739 Kr.
1252 3687 1345 3754 posuit

335 3757 446 3874 siyqum
461 3708 699 3825 iuterropatiouism
704 3759 708 3824 l
728 3755 950 3826 ucrilsimileF(
940 3757 1054 3826 (ladd
1074 3759 1161 3825 mr.)
1215 3762 1250 3808 22
1266 3754 1343 3809 Ores·

337 3837 446 3943 susnp
531 3882 564 3927 23
584 3865 620 3928 ad
639 3877 687 3943 Pp
760 3883 795 3927 24
813 3876 1034 3947 fumigatusFo
