3125 4617
667 529 827 584 FLORIDA·
961 533 964 536 ’
1191 530 1259 594 1654

140 639 171 680 d.
190 639 294 679 Oudend.
1177 639 1194 679 f.
1208 641 1269 680 18711.
1282 642 1298 683 f.
1314 644 1359 683 765.

240 699 375 758 effectius
399 699 586 775 cognouisse:
614 698 734 772 quidam
756 698 945 776 Pythagorae
968 718 1033 757 earn
1055 699 1131 758 falso
1155 701 1254 758 existi·

238 789 333 846 mant.
394 786 564 846 adulescens
605 790 649 846 est
689 787 812 846 uisenda
851 787 1084 863 pulchritudine,
1124 788 1254 848 crinibus

238 878 338 936 fronte
366 877 456 953 parili
484 879 622 951 separatu
657 897 710 952 per
739 877 834 935 malas
862 877 1012 936 remulsis:
1049 896 1125 953 pone
1155 879 1255 936 autem

242 985 327 1024 coma
349 965 493 1039 prolixior
515 966 743 1024 interlucentem
765 965 909 1024 ceruicem
936 967 1126 1042 scapularum
1147 965 1254 1024 finibus

212 1053 409 1114 cobumbrat.
446 1055 544 1112 ceruix
567 1055 630 1114 suci
652 1055 750 1130 plena,
768 1055 865 1113 malae
888 1054 1001 1129 uberes,
1024 1074 1116 1132 genae
1138 1056 1255 1129 teretes,

241 1146 274 1201 at
304 1143 402 1201 medio
434 1145 534 1202 mento
566 1143 739 1218 lacullatur,
771 1145 857 1218 eique
887 1162 1008 1220 prorsus
1041 1143 1255 1203 citharoedicus

180 1249 224 1300 (51)
239 1235 350 1291 status:
374 1231 460 1290 deam
483 1233 673 1308 conspiciens,
701 1233 819 1292 canenti
842 1233 958 1307 similis,
980 1235 1113 1293 tunicam
1131 1234 1255 1308 picturis

239 1322 428 1398 uariegatam
456 1320 575 1380 deorsus
605 1322 642 1380 ad
669 1322 758 1397 pedes
792 1321 921 1382 deiectus
948 1323 1045 1398 ipsos,
1077 1321 1255 1380 Graecanico

239 1410 374 1487 cingulo,
409 1410 563 1486 chlamyde
600 1411 682 1469 uelat
717 1414 876 1486 utrumque
907 1411 1061 1469 brachium
1092 1410 1131 1469 ad
1162 1430 1255 1485 usque

180 1515 223 1566 (55)
240 1500 382 1558 articulos
428 1499 611 1575 palmarum:
662 1502 759 1559 cetera
800 1500 913 1559 decoris
956 1501 1038 1559 striis
1081 1499 1254 1575 dependent.

198 1589 356 1648 1101111515
387 1586 487 1647 balteo
520 1588 634 1647 caelato
668 1591 739 1665 apta
777 1589 905 1648 strictim
939 1591 1114 1648 sustinetur:
1150 1607 1255 1647 manus

242 1679 305 1736 eius
329 1680 461 1751 tenerae,
490 1678 674 1752 procerulae:
704 1679 792 1737 laeua
819 1678 998 1737 distantibus
1022 1678 1125 1754 digitis
1148 1696 1256 1736 neruos

181 1784 224 1836 (51)
239 1767 377 1842 molitur,
407 1766 511 1824 dextra
539 1767 694 1840 psallentis
722 1769 810 1843 gestu
836 1766 1027 1843 pulsabulum
1050 1767 1181 1825 citharae
1205 1765 1255 1823 ad-

239 1858 357 1931 mouet,
389 1874 442 1914 ceu
469 1857 576 1930 parata
597 1858 766 1931 percutere,
797 1875 864 1914 cum
890 1875 948 1914 uox
971 1857 1002 1913 in
1026 1856 1140 1913 cantico
1163 1855 1254 1913 inter-

198 1967 224 2006 15
240 1944 371 2020 quieuit:
391 1944 470 2018 quod
488 1945 608 2002 interim
626 1945 774 2004 canticum
793 1944 912 2004 uidetur
931 1963 980 2003 ore
994 1945 1082 2003 tereti
1097 1943 1253 2003 semihian-

238 2033 320 2093 tibus
350 2035 382 2091 in
412 2035 520 2092 conatu
549 2032 666 2093 labellis
687 2026 691 2114 1
712 2035 853 2109 eliquare.
899 2053 1003 2092 uerum
1031 2033 1104 2092 haec
1124 2032 1254 2107 ·quidem
1267 2052 1283 2092 r.
1299 2053 1346 2093 155.

240 2125 343 2182 statua
368 2124 430 2182 esto
454 2122 619 2197 cuiuspiam
650 2122 809 2200 puberum,
847 2123 913 2198 quis
942 2122 1095 2197 Polycrati
1126 2125 1254 2197 tyranno

180 2211 368 2280 (55)(11150155
390 2211 546 2270 Anacreon
570 2212 658 2270 Teius
682 2212 830 2270 amicitiae
848 2211 947 2288 gratia
965 2212 1103 2270 cantilat:
1126 2213 1255 2270 ceterum

140 2295 490 2379 11555<000>51511515
516 2299 599 2359 abest
621 2299 810 2378 Pythagorae
837 2300 1007 2377 philosophi
1030 2302 1161 2359 statuam
1184 2317 1255 2374 esse,

197 2412 224 2450 ao
240 2392 270 2448 et
293 2392 367 2448 natu
392 2387 508 2448 Samius
532 2392 562 2448 et
584 2389 805 2464 pulchritudine
828 2389 962 2464 adprime
984 2389 1109 2466 insignis
1128 2391 1159 2446 et
1175 2389 1254 2464 psal-

238 2478 320 2536 lendi
349 2478 537 2552 musicaeque
567 2478 662 2536 omnis
691 2480 787 2537 multo
818 2478 1004 2538 doctissimus
1039 2497 1073 2536 ac
1101 2479 1194 2536 ferme
1222 2477 1254 2535 id

312 2651 346 2699 20
365 2647 506 2717 Apologia
524 2664 545 2700 c.
566 2653 591 2714 4,
609 2665 637 2716 p.
653 2653 678 2701 8.
689 2652 714 2714 4,
734 2652 786 2700 387
806 2646 847 2714 0.,
866 2667 892 2716 p.
914 2652 964 2700 00
984 2648 1030 2701 Kr.

313 2794 326 2841 1
347 2789 529 2860 pittagorery
603 2796 618 2844 2
638 2789 804 2844 adulescens
823 2789 844 2842 F
864 2789 1027 2844 adolescens
1047 2810 1068 2859 φ
1092 2790 1097 2861 Ι
1118 2788 1254 2858 pulcritu-

240 2860 339 2928 dinetp
395 2866 410 2912 3
421 2876 438 2913 a
450 2860 542 2914 fronte
554 2861 623 2916 Oud.
637 2861 640 2934 1
653 2860 781 2914 remulsis
792 2861 907 2916 Solonas.
922 2862 957 2928 cf.
972 2879 1000 2930 p.
1017 2866 1075 2915 148.
1086 2866 1120 2914 22
1135 2860 1254 2914 15551515

238 2931 289 3000 Fp
346 2931 566 2985 dlacullaturl*
585 2932 766 3001 laculaturp
822 2931 1005 3002 8grecanico
1024 2932 1074 3002 Ρφ
1130 2931 1254 2985 10511115

238 3003 338 3070 scripsi
364 3019 425 3056 cum
454 3003 545 3057 001010
572 3003 659 3057 istriis
682 3003 703 3055 F
731 3002 839 3057 histriis
863 3025 884 3073 φ
913 3003 944 3057 in
974 3003 1049 3057 striis
1077 3003 1182 3057 Wowcr
1200 3003 1254 3055 Kr.

240 3080 273 3126 11
295 3071 385 3127 051510
404 3073 704 3129 00051515100001005
723 3075 815 3128 051515
834 3096 855 3144 φ
937 3080 969 3127 12
989 3077 1086 3128 tenera
1103 3074 1152 3142 Fry
1169 3074 1174 3143 1
1189 3089 1253 3141 pro-

239 3143 334 3198 cerule
351 3144 401 3213 Pp
418 3144 503 3214 11555
521 3146 570 3214 Pp
587 3150 591 3212 1
609 3151 641 3199 13
660 3145 842 3214 pulsabulum
860 3163 894 3198 m.
913 3146 996 3200 ualde
1013 3145 1214 3266 0000051οἯ.
1231 3165 1252 3212 φ

237 3217 273 3282 cf.
289 3215 349 3269 Met
366 3215 399 3269 V.
415 3222 440 3283 3,
454 3234 481 3285 p.
498 3221 539 3271 97.
557 3221 589 3269 10
610 3216 699 3284 „alius
719 3217 859 3270 citharam
877 3215 1034 3284 pulsauit“;
1054 3231 1104 3268 suo
1123 3214 1173 3268 sab
1205 3233 1254 3267 um

238 3288 289 3355 ue
309 3287 513 3341 suscitabulum
531 3289 583 3342 Kr.
603 3306 664 3342 0010
683 3288 775 3342 001010
802 3290 806 3353 Ι
832 3286 988 3354 cytharel*
1069 3291 1102 3338 14
1122 3287 1184 3357 ceu]
1204 3302 1254 3338 505

237 3359 284 3426 Pp
345 3362 378 3411 15
393 3358 528 3426 cantiqm'r
547 3359 584 3428 φι
659 3364 691 3412 17
708 3360 767 3414 5510
786 3358 835 3427 Pp
850 3358 990 3428 55100190
1005 3360 1009 3426 1
1026 3357 1089 3424 quis
1108 3357 1158 3426 Fp
1182 3374 1252 3424 quos

238 3431 291 3484 Kr.
311 3445 372 3484 0010
390 3429 472 3484 Solm.
493 3429 542 3497 qui
560 3431 644 3501 00190
722 3435 754 3483 18
775 3429 894 3482 dilectus
912 3429 962 3497 Pp
982 3427 1099 3481 dilectos
1119 3429 1170 3482 Kr.
1190 3444 1252 3482 0001

238 3554 322 3609 Salen.
346 3554 350 3625 1
371 3553 518 3608 Anacreon
537 3553 621 3607 Teius
640 3553 723 3609 Salen.
744 3514 914 3634 addbreonte
931 3552 978 3605 uel
995 3553 1017 3605 F
1036 3553 1166 3634 15000000
1185 3568 1202 3604 5
1220 3569 1254 3606 ea

238 3625 257 3677 d
276 3641 344 3679 corr.
363 3625 433 3693 001.)
452 3625 677 3678 Anacreonteum
700 3626 783 3696 00190
810 3626 814 3694 1
839 3622 960 3678 cantilat
977 3623 1026 3692 Frp
1051 3622 1181 3676 0511111151
1199 3624 1251 3678 Kr.

239 3701 272 3750 19
292 3693 393 3768 (non)
410 3695 531 3749 multum
551 3696 674 3766 (luperca
690 3698 770 3765 19051
789 3712 849 3750 0555
862 3696 993 3749 caudicae
1006 3696 1142 3764 90000000
1154 3696 1251 3749 011100-

238 3775 293 3835 100,
312 3768 438 3821 0010151
457 3767 505 3834 qui
523 3765 610 3820 fuerit
681 3773 715 3821 20
734 3769 763 3821 51
781 3767 830 3836 Pp
851 3766 905 3820 0151
923 3767 975 3821 Kr.
995 3783 1058 3820 cam
1076 3765 1161 3820 Salm.
1181 3766 1252 3819 natu

238 3839 275 3908 φ’
293 3840 357 3906 nat,
376 3838 397 3890 F
419 3838 422 3910 1
443 3837 693 3908 pulchritudinep
803 3837 1100 3906 215015001951551
1122 3836 1209 3890 ferme
1229 3837 1250 3889 F

238 3912 269 3964 at
292 3909 380 3963 fenne
399 3930 420 3979 φ
441 3911 526 3976 atque
544 3909 562 3962 f.
583 3910 635 3964 Kr.
