3125 4617
676 534 835 589 FLORIDA
1200 538 1261 600 167

138 644 178 683 td.
196 643 301 684 Oudend.
1185 646 1200 685 f.
1215 647 1274 686 rath.
1289 647 1305 686 f.
1320 649 1368 688 tob.

250 704 394 781 pleraque
431 703 635 779 philosophiae
673 705 735 763 eius
772 705 973 778 eontulenmt,
1011 723 1085 778 quae
1118 707 1262 772 mentium

248 793 440 866 documenta,
478 811 553 867 quae
586 812 742 868 corporum
774 793 1017 868 exercitamenta,
1054 796 1127 868 quot
1162 799 1261 876 partes

249 881 359 955 animi,
390 883 463 956 quot
491 882 571 940 uices
600 882 695 956 uitae,
727 901 802 957 quae
832 882 889 940 diis
916 882 1052 940 manibus
1078 883 1261 958 promerito

249 989 303 1029 suo
327 971 433 1044 cuique
456 972 604 1029 tormenta
627 971 676 1028 uel
698 971 838 1047 praemia.
876 971 948 1045 quin
971 972 1061 1030 etiam
1079 970 1261 1048 Pherecydes

138 1089 151 1115 ι.
160 1073 240 1115 rom.
252 1059 327 1135 Syro
358 1078 393 1116 ax
419 1059 519 1117 insula
547 1058 701 1134 oriundus,
729 1061 781 1135 qui
807 1060 921 1135 primns
949 1079 1088 1118 uersuum
1114 1079 1190 1118 nexu
1217 1080 1261 1133 re-

221 1148 375 1224 opudiato
399 1148 580 1206 conscribere
604 1167 692 1207 ausus
716 1152 761 1207 est
782 1149 879 1222 passis
902 1150 1009 1224 uerbis,
1032 1149 1129 1208 soluto
1152 1150 1262 1223 locutu,

190 1251 235 1302 (sa)
250 1237 345 1296 libera
369 1236 512 1310 orations,
536 1257 603 1294 eum
626 1256 742 1313 quoque
765 1237 952 1314 Pythagoras
975 1239 1152 1315 magistrum
1171 1239 1263 1297 coluit

191 1343 235 1395 (se)
252 1329 281 1385 et
304 1326 420 1384 infandi
443 1325 539 1383 morbi
560 1325 716 1401 putredine
744 1327 776 1383 in
803 1328 985 1403 serpentium
1002 1321 1013 1405 {l
1030 1326 1159 1386 scabiem
1181 1327 1258 1386 solu·
1273 1345 1289 1384 f.
1304 1347 1367 1386 isos.

249 1419 315 1474 tum
345 1415 483 1490 religiose
512 1414 656 1473 humanit.
706 1416 802 1474 fertur
831 1419 861 1474 et
890 1434 980 1490 penes
1009 1416 1262 1474 Anaximandrum

208 1529 235 1566 1o
249 1504 402 1562 Milesium
424 1503 606 1562 naturabilia
629 1507 858 1580 commentaire,
880 1524 934 1563 nec
957 1525 1017 1564 non
1040 1508 1070 1563 et
1094 1504 1262 1563 Cretensem

250 1592 448 1668 Epimeniden
480 1591 616 1651 inclitum
647 1593 827 1668 fatiloquum
854 1597 885 1652 et
913 1597 1061 1670 piatorem
1089 1593 1261 1668 disciplinae

249 1683 348 1758 gratia
367 1682 510 1756 sectatus,
537 1681 667 1757 itemque
691 1681 922 1740 Leodamantem
948 1682 1107 1758 Creophyli
1134 1683 1261 1759 discipu-

250 1771 322 1844 lum,
347 1771 399 1845 qui
424 1769 604 1845 Creophylus
627 1773 810 1829 memoratur
831 1774 937 1846 poetae
960 1771 1082 1830 Homeri
1101 1771 1208 1847 hospes
1232 1775 1262 1829 et

252 1860 418 1918 aemulator
440 1859 565 1917 canendi
586 1860 686 1919 fuisse.
722 1863 768 1918 tot
790 1861 841 1918 ille
864 1859 1032 1919 doctoribus
1052 1859 1195 1933 cruditus,
1216 1863 1263 1918 tot

208 1970 236 2010 15
251 1952 373 2023 tamque
396 1949 563 2024 multiiugis
587 1949 726 2008 culicibus
757 1949 981 2024 disciplinarum
1002 1951 1067 2007 toto
1098 1948 1167 2007 orbe
1190 1949 1262 2006 hau-

251 2038 321 2112 stis,
361 2036 408 2094 uir
439 2038 615 2112 praesertim
646 2038 765 2115 ingenio
793 2037 908 2114 ingenti
944 2056 978 2095 ac
1010 2038 1142 2114 profecto
1175 2056 1263 2114 super

250 2129 372 2202 captum
403 2125 531 2184 hominis
563 2127 656 2183 animi
688 2127 855 2204 augustior,
886 2126 1000 2202 primus
1027 2125 1231 2203 philosophiae
1257 2120 1261 2206 1

189 2235 235 2284 (eo)
250 2217 440 2290 nuncupator
462 2218 493 2274 et
514 2215 657 2289 conditor,
679 2215 756 2273 nihil
778 2216 860 2292 prius
888 2215 1047 2291 discipulos
1071 2234 1139 2274 suos
1163 2215 1264 2272 docuit

251 2323 342 2379 quam
364 2305 475 2377 tacere,
504 2304 659 2379 primaque
687 2305 765 2379 apud
794 2324 862 2363 eum
888 2303 1043 2363 meditatio
1067 2303 1195 2379 sapienti
1217 2304 1262 2360 fu-

208 2417 236 2455 so
249 2395 318 2452 turo
351 2393 486 2470 linguam
517 2412 634 2451 omnem
665 2412 797 2452 coercere
829 2392 991 2468 uerbaque,
1024 2412 1099 2468 quae
1129 2392 1264 2450 uolantia

249 2484 357 2558 poetae
381 2482 548 2557 appellant,
577 2501 611 2540 ea
639 2483 729 2541 uerba
756 2483 899 2541 detractis
921 2482 1021 2557 pinnis
1043 2483 1123 2540 intra
1145 2501 1264 2539 murum

251 2570 443 2630 candentium
463 2570 595 2629 dentium
617 2590 759 2646 premere.
804 2590 939 2646 prorsus,
962 2571 1099 2646 inquam,
1121 2571 1175 2629 hoo
1199 2573 1264 2629 erat

250 2659 382 2734 primum
405 2658 568 2735 sapientiae
597 2659 812 2735 rudimentum,
842 2660 980 2718 meditari
1010 2660 1191 2733 condiscere,
1221 2660 1262 2718 lo-

252 2750 365 2824 quitari
397 2748 551 2807 dediscere.
603 2768 663 2807 non
695 2750 726 2806 in
756 2750 854 2808 totum
886 2767 993 2807 aeuum
1028 2752 1130 2807 tamen
1161 2767 1265 2807 uocem

324 2917 456 2986 18,Apol.
478 2935 499 2972 c.
520 2924 545 2984 4,
564 2935 592 2986 p.
612 2923 636 2973 8.
648 2924 674 2984 4,
694 2922 745 2970 387
765 2916 806 2985 0,,
824 2937 851 2987 p.
874 2923 924 2971 16
943 2919 990 2973 Kr.

323 2995 356 3041 21
376 2987 457 3057 Apol.
478 3005 499 3042 c.
522 2995 545 3056 1,
563 3008 590 3058 p.
612 2995 708 3058 11.11,
728 2994 780 3042 394
800 2988 840 3058 0,
858 3008 885 3058 p.
907 2995 949 3056 10,
959 2996 993 3043 aa
1012 2991 1058 3044 Kr.

325 3174 339 3220 1
360 3166 529 3220 contulerint
547 3167 610 3237 Fa¹
630 3167 808 3220 cantillenmt
826 3167 863 3236 φ’
952 3173 969 3219 4
986 3116 1138 3236 pherecydes
1162 3165 1222 3219 Siro
1241 3165 1262 3217 F

252 3281 268 3328 6
296 3274 390 3328 uerbis
419 3273 493 3344 Ἐφ’
523 3273 652 3326 uersibus
681 3274 721 3342 φ1
754 3275 796 3344 (ia
822 3291 874 3344 my.
904 3295 925 3342 φ
953 3251 996 3344 [0⁰.
1023 3272 1114 3342 passis
1146 3270 1263 3343 uerbisj)

252 3353 267 3398 7
296 3346 457 3415 Pittagoras
486 3365 507 3414 φ
616 3344 901 3398 9Anaxamandrnm
928 3345 950 3396 F
983 3343 1215 3410 anxiamandrum
1242 3364 1263 3412 φ

253 3423 287 3470 10
308 3420 487 3485 comtatusp
552 3422 583 3469 11
604 3416 743 3485 piatorem
760 3417 838 3484 Lips.
857 3414 1003 3484 platonem
1021 3415 1070 3483 Fa
1135 3420 1166 3467 12
1183 3413 1263 3467 Creo-

251 3488 343 3558 pyliF
359 3487 479 3556 Creopili
494 3508 515 3556 φ
530 3488 592 3542 item
607 3486 759 3556 Creopylus
773 3493 798 3540 et
812 3485 968 3555 Creopilus3
984 3485 1154 3554 Creophylus
1169 3487 1261 3540 seclus.

251 3561 304 3616 Kr.
380 3565 412 3612 13
433 3559 518 3612 omeri
537 3559 588 3628 Fp
672 3564 703 3611 15
722 3559 829 3625 tanqua
847 3558 869 3610 F
888 3560 1063 3626 tantoquery
1093 3560 1097 3624 Ι
1128 3555 1263 3610 calicibus

249 3633 350 3700 scripsi
368 3630 516 3684 comitibus
539 3630 588 3700 Fry
613 3628 737 3683 fontibus
757 3629 809 3684 Kr.
836 3646 897 3683 eum
922 3629 1013 3683 Coloio
1042 3626 1168 3682 caliculis
1194 3628 1262 3682 Oud.

253 3707 285 3755 17
310 3701 456 3771 augustior
478 3701 543 3770 Ἐφ’
570 3701 715 3770 angustior
738 3699 774 3768 φ’
865 3705 898 3753 18
922 3699 1109 3768 nuncupatior
1132 3699 1153 3750 F
1176 3716 1263 3752 nune-

251 3773 420 3842 cupatiorq
498 3777 532 3824 20
559 3772 687 3841 linguam
715 3770 827 3824 omnino
853 3772 1061 3826 Rittersbaaseu
1092 3771 1110 3823 l.
1131 3769 1264 3824 mobilem

252 3845 347 3899 Rohde
363 3847 366 3912 Ι
384 3844 530 3966 copercere
545 3865 566 3912 φ
583 3847 586 3914 Ι
603 3843 745 3910 uerbaque
764 3843 849 3914 quae]
864 3842 952 3896 uerba
966 3842 1051 3919 qupF
1066 3842 1226 3910 uerbaquae
1242 3863 1262 3911 φ

252 3921 286 3968 22
305 3921 400 3984 §mere
447 3936 468 3984 φ
