3125 4617
312 465 375 527 162
580 462 608 515 L.
629 460 761 515 APVLEI
780 459 1040 513 MADAVRENSIS

200 574 218 612 r.
234 575 294 614 rer..
308 573 324 612 r.
338 573 384 612 cca.
1268 569 1309 608 se.
1322 568 1410 608 caeam

310 632 380 689 dum
401 630 489 688 facile
513 648 559 704 os,
588 630 633 688 uti
661 629 871 703 conformetur,
900 630 971 687 dum
1000 630 1103 687 tenera
1133 629 1251 706 lingua,
1274 629 1409 692 utiursro.

310 719 511 778 connibretur:
540 737 629 777 senex
656 718 755 776 autem
783 721 887 794 captus
910 720 941 776 et
966 717 1103 776 indocilis
1127 719 1173 776 est
1195 721 1225 776 et
1247 718 1319 777 obli-

309 809 418 868 uiosus.
464 828 567 866 uerum
595 807 631 865 ad
663 807 851 883 disciplinam
881 806 1004 864 humani
1035 807 1178 866 sermonis
1204 807 1321 865 facilior
1415 878 1416 889 ἵ

310 899 469 974 psittacus,
492 896 599 974 glande
623 897 674 971 qui
697 897 826 954 uescitur
850 899 880 953 et
902 896 985 953 cuius
1012 895 1045 952 in
1067 895 1191 970 pedibus
1213 898 1249 953 ut
1271 896 1320 954 ho·
1415 902 1417 979 t

310 987 398 1045 minis
422 986 505 1060 quini
528 985 648 1062 digItuli
669 987 870 1043 numerantur.
907 985 1068 1042 nonenim
1092 984 1227 1043 omnibus
1246 986 1317 1061 psit·
1345 1004 1358 1042 s
1415 1040 1416 1043 ,

309 1077 383 1136 tacis
406 1074 437 1132 id
466 1075 595 1151 insigne,
625 1073 676 1132 sed
704 1073 780 1131 illud
808 1074 943 1132 omnibus
972 1073 1140 1150 proprium,
1170 1074 1250 1148 quod
1280 1075 1320 1132 eis

309 1166 412 1242 lingua
435 1163 525 1221 latior
548 1182 637 1238 quam
665 1162 768 1220 ceteris
799 1163 917 1220 auibus:
945 1181 979 1220 co
1007 1162 1125 1220 facilius
1156 1162 1248 1221 uerba
1270 1163 1320 1221 ho

309 1254 397 1312 minis
430 1252 590 1311 articulant
620 1251 788 1325 patentiore
821 1252 934 1327 plectro
968 1253 998 1309 et
1030 1251 1144 1326 palato,
1186 1251 1218 1308 id
1251 1271 1320 1310 uero

310 1341 388 1417 quod
411 1341 515 1400 didicit
536 1342 580 1398 ita
603 1340 742 1398 similiter
763 1339 849 1398 nobis
873 1339 954 1397 canit
976 1340 1025 1398 uel
1043 1340 1143 1414 potius
1162 1340 1319 1415 eloquitur,

309 1433 344 1489 ut
375 1449 477 1488 uocem
509 1430 533 1488 si
565 1428 681 1503 audias,
712 1429 862 1487 hominem
894 1430 993 1505 putes:
1024 1423 1122 1506 nam†
1146 1430 1267 1504 quidem
1295 1431 1320 1487 si
1332 1444 1371 1493 (a)
1415 1370 1417 1477 i

311 1519 413 1578 audias
441 1518 519 1576 idem
548 1520 650 1576 cenete
680 1538 740 1576 non
770 1518 861 1593 loqui.
905 1535 1008 1576 uerum
1032 1517 1182 1576 enimuero
1207 1521 1237 1577 et
1261 1522 1326 1577 cor·'
1334 1539 1356 1576 11

309 1626 364 1666 uus
388 1608 418 1665 et
445 1607 589 1683 psittacus
619 1606 695 1664 nihil
725 1606 806 1664 aliud
836 1626 927 1681 quam
956 1606 1035 1682 quod
1065 1606 1233 1666 didicemmt
1255 1627 1320 1683 pro·
1415 1618 1416 1669 ἶ

309 1697 457 1755 nuntiant.
503 1695 528 1754 si
560 1696 694 1754 conuicia
726 1695 872 1771 docueris,
905 1695 1119 1754 conuiciabitur
1151 1695 1256 1755 diebus
1288 1715 1321 1754 ac
1415 1768 1416 1771 Ἴ

309 1785 444 1844 noctibus
468 1787 655 1861 perstrepens
678 1783 858 1842 maledictis:
880 1784 936 1843 hoc
957 1784 1005 1842 illi
1028 1803 1145 1842 carmen
1169 1787 1223 1861 est,
1246 1785 1321 1843 hanc

309 1876 397 1952 putat
420 1875 594 1933 cantionem.
640 1873 692 1931 ubi
715 1874 814 1932 onmia
838 1893 912 1948 qnae
941 1873 1045 1932 didicit
1072 1873 1233 1932 maledicta
1256 1893 1356 1951 per-1⁵

311 1964 433 2037 censuit,
456 1963 551 2021 denuo
573 1963 684 2038 repetit
706 1961 828 2020 eandem
851 1962 1038 2021 cantilenam.
1084 1963 1110 2021 si
1133 1980 1234 2021 carere
1255 1983 1320 2022 con·
1415 2014 1416 2027 ,

309 2053 386 2111 nicio
416 2053 503 2125 uelis,
533 2052 636 2129 lingua
667 2051 825 2110 excidenda
855 2054 900 2110 est
930 2054 982 2110 aut
1012 2072 1101 2127 quam
1129 2052 1262 2128 primum
1290 2055 1321 2110 in

311 2143 401 2200 siluas
426 2159 493 2199 suas
516 2141 709 2200 remittendus
734 2143 786 2199 est.

217 2321 291 2377 XIII
376 2318 549 2376 *²¹²*Non
572 2319 650 2376 enim
671 2317 746 2374 mihi
767 2317 957 2394 philosophia
984 2318 1016 2375 id
1039 2337 1132 2395 genus
1155 2319 1321 2378 orationem

310 2408 420 2484 largita
444 2410 501 2481 est,
529 2409 563 2464 ut
589 2408 695 2464 natura
720 2405 896 2481 quibusdam
924 2407 1028 2466 auibus
1050 2408 1170 2466 breuem
1194 2410 1225 2467 et
1247 2412 1320 2468 tem-
1333 2427 1357 2464 eo

309 2497 461 2572 porarium
493 2498 612 2554 cantum
644 2495 855 2570 commodauit,
891 2495 1099 2556 hirundinibus
1131 2497 1321 2571 matutinum,

310 2584 418 2644 cicadis
447 2585 656 2658 meridianum,
693 2584 808 2643 noctuis
842 2603 953 2659 serum,
988 2586 1079 2645 ululis
1108 2587 1320 2661 uespertinum,
1333 2600 1372 2651 (ae)

309 2672 474 2731 bubonibus
502 2677 691 2747 nocturnum,
718 2674 807 2750 gallis
835 2665 1060 2755 anitelucanum.
1112 2675 1222 2751 quippe
1250 2675 1320 2733 haec

311 2761 452 2820 animalia
474 2761 552 2819 inter
575 2781 605 2820 se
635 2763 719 2821 uario
749 2765 881 2838 tempore
912 2765 942 2821 et
964 2765 1048 2823 uario
1071 2764 1158 2822 modo
1183 2764 1321 2822 occinunt

311 2854 340 2909 et
370 2849 519 2924 occipiunt
549 2852 689 2910 carmine:
724 2851 836 2910 scilicet
865 2852 939 2928 galli
969 2853 1158 2930 expergifico,
1187 2852 1318 2912 bubones
1332 2871 1355 2911 25

311 2940 437 3018 gemulo,
456 2939 555 2997 ululae
575 2941 705 3015 querulo,
726 2942 851 2999 noctuae
869 2941 990 3015 intorto,
1008 2941 1126 3000 cicadae
1141 2940 1319 3017 obstrepere,

383 3153 396 3199 1
417 3146 467 3198 hos
487 3165 508 3214 φ
533 3148 537 3210 1
563 3143 740 3256 confirmetutr
757 3146 809 3214 Fe
834 3147 838 3216 Ι
864 3146 931 3199 dum
949 3145 1070 3200 btenccb
1091 3163 1154 3199 cum
1171 3146 1221 3214 Fe
1248 3148 1252 3217 Ι
1273 3146 1315 3199 nti

729 3231 744 3258 u

317 3272 322 3284 ·
1006 3269 1029 3323 u
1112 3270 1134 3322 r
1276 3269 1306 3323 <u

310 3289 381 3396 dicii
396 3272 762 3411 addidicdibddicifflddpm
781 3292 838 3394 φ10
865 3272 1106 3410 ndrddtecldrriiqitea
1128 3291 1161 3396 ed
1176 3275 1320 3396 lensiense:

312 3415 411 3466 conata
429 3414 478 3482 Pp
499 3413 593 3468 conari
607 3413 703 3484 nnlpo,
726 3415 860 3482 suspicor:
884 3415 917 3466 ut
934 3429 1032 3466 uocem
1051 3412 1075 3465 si
1094 3411 1206 3480 audias,
1230 3412 1319 3465 homi-

311 3500 375 3537 nem
399 3487 495 3552 putes:
524 3483 667 3537 ceruinam
692 3484 807 3552 quidem
826 3485 867 3555 (l)
886 3484 910 3536 ei
936 3485 1036 3538 audias
1060 3483 1137 3536 idem
1162 3485 1319 3547 conantem

232 3576 236 3584 ·
312 3555 414 3609 crocire
433 3571 488 3607 non
506 3554 597 3623 loqui,
617 3555 731 3610 Solinus.
751 3558 784 3608 nt
802 3555 886 3624 longe
905 3554 929 3607 si
947 3555 1056 3623 audias,
1074 3553 1215 3608 hominem
1228 3556 1319 3623 putes,

310 3642 366 3679 non
386 3625 500 3693 quidem
519 3626 543 3678 si
562 3626 661 3678 audias
680 3626 756 3679 idem
773 3642 868 3680 coram
886 3628 915 3679 te
935 3625 1040 3693 eloqui:
1059 3627 1193 3697 elepanter
1211 3627 1319 3694 quiden

310 3699 356 3750 sed
388 3697 527 3764 sequentia
556 3698 699 3764 requirnnt
729 3698 761 3750 in
793 3697 1016 3764 praecedentibus
1052 3698 1211 3751 mentionem
1242 3698 1320 3750 corni

311 3770 345 3816 20
364 3764 555 3834 [quibusdam]
574 3765 595 3816 F
664 3771 696 3818 21
716 3773 741 3819 et
759 3772 793 3818 22
811 3763 1017 3832 hynmdinibus
1036 3787 1057 3834 φ
1122 3771 1155 3818 25
1175 3766 1319 3834 occipiunt

310 3835 388 3886 sicF
463 3838 496 3885 26
514 3834 591 3886 nlule
609 3835 658 3902 Fcp
675 3837 679 3902 l
696 3834 812 3904 querulo
830 3835 852 3884 F
868 3835 872 3902 Ι
889 3833 1050 3901 obstrepere
1068 3837 1117 3904 Fp
