3125 4617
636 518 819 575 APOLOGIA
843 559 846 564 -
895 546 897 550 ⁴
1192 519 1233 585 17

146 628 156 667 (.
168 626 252 667 onaan
252 627 276 669 a
1169 628 1184 668 r.
1199 629 1260 670 roes
1274 629 1340 671 ssa.

150 704 204 755 (ros)
219 706 259 745 ne
279 688 372 762 pluris
395 706 628 762 commemorem,
651 689 846 747 nouissimum
863 706 982 747 uersum
1000 688 1063 789 eius
1082 687 1118 746 de
1136 688 1263 747 Diones.
1276 706 1312 745 eu.

220 776 409 851 Syracusano
432 778 459 835 si
482 776 591 851 dixere,
613 776 702 835 finem
724 776 847 835 faciam.

317 873 330 905 ³
312 878 430 958 ωνὲμὸ
453 879 582 959 ἐκμήνας
605 880 739 959 θυμὸν’
728 881 813 962 ἔρωτι
835 882 925 941 Δίων.

151 1006 203 1056 (iro)
289 986 347 1046 Sed
372 1007 474 1047 sumne
504 1007 559 1063 ego
581 990 712 1063 ineptus,
743 989 796 1063 qui
823 988 897 1046 haec
923 988 1014 1049 etiem
1045 989 1078 1046 in
1100 989 1231 1049 iudicio?
1245 991 1290 1049 XI

190 1097 258 1138 san
282 1096 336 1136 uos
359 1077 458 1151 potius
482 1077 669 1152 calumniosi,
696 1079 748 1152 qui
771 1078 861 1136 etiam
883 1076 955 1135 haec
972 1079 1005 1134 in
1027 1078 1233 1138 accusatione?

218 1168 308 1241 quasi
330 1165 426 1223 ullum
448 1167 595 1240 specimen
622 1185 738 1224 morum
765 1168 805 1224 sit
828 1160 839 1244 11
863 1167 995 1225 uersibus
1022 1166 1131 1227 ludere.
1179 1167 1233 1227 Ca·

216 1256 330 1313 tullum
352 1256 396 1312 ite
418 1254 644 1329 respondentem
665 1255 815 1313 maliuolis
838 1274 897 1313 non
915 1255 1044 1331 legistis:

403 1381 473 1419 nem
495 1365 609 1419 castum
633 1380 694 1420 esse
718 1362 802 1420 decet
823 1363 907 1436 pium
928 1366 1049 1437 poetam

403 1450 510 1525 ipsum,
533 1451 692 1510 uersiculos
715 1451 791 1508 nihil
814 1469 930 1509 necesse
954 1453 999 1509 est
1013 1449 1080 1508 -l

178 1578 203 1617 ro
218 1557 318 1615 Diuus
341 1556 510 1615 Hadrianus
534 1575 600 1614 cum
622 1556 736 1615 Voconi
766 1558 854 1614 amici
883 1558 929 1615 sui
956 1560 1061 1632 poetae
1084 1558 1234 1617 tumulum

218 1646 355 1705 uersibus
378 1649 591 1720 muneraretur,
613 1647 657 1703 ita
680 1647 812 1721 scripsit:

146 1769 210 1809 ianr.
403 1753 532 1811 lasciuus
555 1771 651 1827 uersu,
673 1755 771 1811 mente
794 1751 918 1827 pudicus
941 1771 1016 1827 eras,

219 1858 299 1935 quod
321 1878 474 1934 nunquam
503 1860 546 1917 ita
577 1858 713 1933 dixisset,
743 1859 768 1917 si
799 1859 898 1916 forent
926 1858 1071 1933 lepidiora
1100 1861 1231 1918 carmine
1285 1904 1287 1908 ,

220 1951 429 2024 argumentum
446 1947 649 2022 impudicitiae
672 1946 814 2006 habenda.
860 1948 953 2022 ipsius
977 1949 1067 2005 etiam
1090 1947 1153 2005 diui
1170 1948 1230 2006 Ha·

179 2057 204 2097 15
219 2037 318 2095 driani
339 2036 435 2094 multa
453 2036 484 2093 id
503 2056 594 2112 genus
617 2037 714 2112 legere
737 2055 784 2094 me
807 2037 937 2094 memini.
974 2036 1048 2094 aude
1067 2038 1117 2111 sis,
1130 2036 1230 2095 Aemi-

219 2127 312 2200 liane,
345 2125 453 2199 dicere,
484 2126 562 2183 male
591 2125 622 2183 id
653 2125 731 2200 fieri,
764 2124 843 2200 quod
874 2126 1036 2199 imperator
1067 2128 1098 2184 et
1129 2144 1231 2187 censor

150 2231 206 2281 ((11)
221 2210 321 2293 [diuus
344 2208 528 2292 Hadrianus]
552 2214 624 2272 fecit
646 2217 676 2272 et
698 2215 811 2272 factum
835 2215 993 2272 memoriae
1017 2214 1148 2289 reliquit.
1186 2232 1231 2273 ce-

219 2307 317 2362 terum
339 2303 502 2360 Maximum
530 2304 688 2377 quicquam
716 2306 805 2377 putas
828 2302 1024 2377 culpaturum,
1048 2302 1127 2378 quod
1156 2304 1232 2363 sciat

218 2392 355 2451 Platonis
379 2392 511 2466 exemplo
536 2411 552 2449 a
575 2410 622 2449 me
644 2389 777 2450 factum?
810 2392 892 2449 cuius
915 2409 1030 2466 uersus,
1058 2410 1132 2466 quos
1154 2410 1233 2462 nunc

180 2480 385 2557 sopercensui,
407 2483 491 2539 tanto
516 2480 675 2539 sanctiores
698 2483 780 2554 sunt,
805 2484 916 2554 quanto
944 2480 1120 2556 apertiores,
1147 2484 1232 2539 tanto

219 2570 357 2645 pudicius
387 2569 558 2644 compositi,
589 2571 700 2643 quanto
730 2569 893 2643 simplicius
923 2570 1057 2642 professi
1103 2589 1232 2645 namque

217 2659 291 2717 haec
315 2660 345 2717 at
367 2657 398 2715 id
421 2676 513 2734 genus
537 2659 635 2716 omnia
654 2658 839 2716 dissimulare
859 2660 889 2716 et
907 2658 1054 2716 occultare
1071 2660 1231 2732 peccantis,

217 2748 352 2823 profiteri
376 2750 406 2805 et
431 2747 619 2822 promulgare
646 2746 774 2805 ludentis
804 2749 856 2805 est.
902 2747 1011 2821 quippe
1039 2750 1146 2804 natura
1173 2766 1231 2805 uox

218 2836 421 2910 innocentiae,
455 2836 607 2894 silentium
639 2834 785 2894 maleficio
819 2835 986 2893 distributa.
1031 2836 1119 2894 mitto
1152 2837 1231 2893 enim
1244 2834 1305 2891 XII

311 2994 326 3041 6
347 2986 448 3041 Catull.
467 2986 519 3039 XII
537 2992 614 3041 5—6.

293 3065 327 3112 10
347 3057 486 3127 Spartica.
505 3057 591 3111 Hadr.
612 3075 634 3111 c.
655 3062 696 3111 14.

291 3206 307 3253 3
328 3198 636 3255 ωΤΕΜΟΝΕΚΜΗΝὰ(
655 3199 954 3267 ΘΥΜΟΝΕΡωΤΙᾱΙΟΝ
982 3198 1003 3251 F
1095 3197 1230 3251 101311-

218 3272 359 3340 anusFrp
441 3278 473 3325 11
488 3269 618 3325 uorsibus
637 3270 685 3339 Frp
700 3272 734 3337 cf
749 3276 829 3338 9.,20
844 3269 941 3324 3900
945 3268 1138 3339 ,...3p99Kr
1154 3274 1230 3336 13.3,

220 3538 301 3589 pecc
329 3537 397 3575 corr.
430 3526 508 3573 ((1.2
600 3469 872 3572 1211111111υεῖ
904 3516 1087 3585 lacmusp
1120 3517 1152 3569 iu
1180 3533 1232 3587 my

219 3593 344 3661 adscript
343 3608 391 3645 um
423 3609 443 3661 11
480 3592 513 3657 cf.
534 3590 571 3643 ad
590 3596 632 3644 13
643 3596 675 3644 21
700 3597 724 3644 et
748 3596 816 3643 147
908 3593 941 3641 14
969 3586 1159 3681 impudicicia
1176 3608 1198 3660 φ
1226 3587 1230 3659 1

220 3698 332 3753 adriani
350 3698 400 3766 Pp
476 3702 508 3750 15
527 3696 696 3779 audelsisF
715 3695 820 3768 (ladd.
840 3696 927 3764 m..)r
953 3696 984 3748 ia
1008 3712 1060 3765 mp
1085 3672 1232 3763 eligitur,

219 3770 412 3892 cadedculpo:
439 3767 510 3822 aude
534 3768 558 3821 si
581 3766 669 3837 igitur
759 3773 792 3820 17
811 3765 906 3838 [diuus
930 3765 1104 3837 Hadrianus]
1124 3768 1234 3821 seclusit

220 3895 272 3949 Kr
294 3895 448 3961 arianusp
557 3896 590 3945 19
610 3909 690 3962 [quos
713 3909 799 3963 nunc]
824 3893 856 3944 iu
878 3908 933 3946 ras
1043 3896 1148 3945 21-24
1167 3890 1233 3945 sim-

273 3994 372 4033 arvum
385 3991 529 4041 Apologia
544 3994 567 4031 et
580 3992 707 4032 Florida.
1056 3986 1072 4033 2
