3125 4617
565 477 569 486 ·
675 522 834 576 FLORIDA
1198 524 1259 586 171

145 634 170 674 d.
191 631 303 672 Oudend.
1182 633 1198 672 f.
1213 632 1274 673 1881).
1289 633 1305 672 f.
1321 635 1367 673 lta.

245 693 294 750 nis
318 693 418 750 uslere
446 694 477 750 et
503 690 657 766 plaudere,
689 691 750 750 suis
782 710 853 749 uero
884 692 1082 750 familiaribus
1110 691 1208 751 dolere
1232 696 1262 750 et

246 783 404 858 plangere:
439 780 610 840 hesternum
646 780 708 838 illis
743 778 868 837 imbrem
904 780 1042 839 lacrimas
1080 781 1261 856 suspicasse:

247 869 432 928 comoediam
454 869 516 928 eius
539 869 622 944 prius
647 868 683 927 ad
706 868 859 926 funebrem
880 868 976 927 fecem
999 889 1089 944 quam
1108 870 1145 927 ad
1163 872 1261 929 nubti-

183 977 231 1026 (ετ)
248 959 328 1017 alem
359 959 489 1018 uenisse:
520 958 621 1033 proin,
654 958 794 1032 quoniam
825 960 913 1032 poeta
946 959 1075 1034 optimus
1104 977 1261 1033 personam

217 1049 330 1108 suites
354 1046 532 1122 deposuerit,
554 1049 635 1104 recta
659 1046 694 1105 de
718 1045 865 1104 auditorio
885 1048 947 1105 eius
967 1048 1104 1122 exequias
1123 1047 1261 1122 eundum,

245 1136 373 1214 legenda
396 1137 459 1195 eius
483 1154 545 1195 esse
568 1153 646 1193 nunc
669 1154 745 1210 ossa,
767 1154 836 1194 mox
859 1137 997 1194 carmina.

144 1243 236 1284 sans.
313 1225 396 1283 Haec
419 1244 473 1301 ego
495 1227 540 1282 ita
562 1225 651 1300 fecta,
680 1228 714 1282 ut
737 1227 973 1300 commemoraui,
997 1226 1069 1283 olim
1092 1225 1261 1299 didiceram,

246 1314 299 1373 sed
318 1359 325 1371 .
346 1357 351 1370 .
372 1359 378 1371 .
399 1358 406 1371 .
426 1316 494 1372 ente
513 1312 575 1372 dies
593 1331 661 1372 scm
680 1332 695 1372 e
712 1332 778 1372 meo
802 1314 934 1388 periculo
956 1314 1134 1373 recordatus.
1182 1334 1260 1388 nam,

246 1405 282 1460 ut
304 1403 482 1462 meministis
500 1403 642 1478 profecto,
667 1421 733 1460 cum
751 1402 895 1479 impedita
914 1406 991 1462 esset
1008 1404 1097 1463 imbri
1115 1404 1261 1477 recitatio,

203 1516 230 1554 ιο
244 1491 278 1549 in
301 1492 502 1567 propinquum
525 1490 603 1550 diem
626 1491 711 1550 uobis
734 1491 903 1550 uolentibus
921 1493 1042 1568 protuli,
1065 1492 1233 1567 etquidem
1255 1485 1258 1571 l

246 1579 430 1638 Philemonis
467 1580 600 1655 exemplo
635 1581 827 1654 paenissime:
865 1581 974 1656 quippe
1011 1581 1113 1640 eodem
1149 1580 1196 1640 die
1228 1582 1260 1638 in

245 1670 398 1745 palaestra
431 1668 503 1728 adeo
535 1668 724 1728 uehementer
755 1671 852 1727 talum
883 1669 1006 1744 inuerti,
1038 1673 1073 1728 ut
1103 1671 1260 1728 minimum

246 1759 381 1832 afuerim,
405 1759 477 1833 quin
501 1757 658 1816 articulum
682 1759 772 1817 etiam
797 1779 813 1815 a
837 1775 919 1816 crure
939 1757 1122 1836 defregerim.
1159 1762 1259 1817 tamen

246 1848 390 1906 articulus
412 1847 477 1905 loco
508 1847 651 1906 concessit
680 1866 773 1922 exque
805 1866 838 1905 eo
868 1847 940 1904 luxu
963 1847 1058 1905 adhuc
1080 1847 1175 1906 fluxus
1200 1851 1260 1907 est:

203 1958 229 1999 15
245 1937 350 2010 ctiam,
374 1934 444 1994 dum
467 1955 534 1994 eum
557 1936 673 2012 ingenti
694 1937 786 2012 plaga
807 1936 979 2010 reconcilio,
1006 1937 1128 1993 iamiam
1151 1936 1258 1995 sudoro

184 2042 230 2092 (es)
246 2025 373 2083 adfatim
396 2044 516 2099 corpore
547 2024 662 2083 diutule
692 2025 818 2100 obrigui.
863 2023 932 2082 inde
963 2024 1083 2083 acerbus
1107 2025 1192 2084 dolor
1213 2026 1258 2083 in-

205 2177 221 2207 !
243 2115 423 2173 testinorum
446 2118 563 2173 coortus
586 2113 701 2172 modico
726 2117 794 2172 ante
818 2113 937 2172 sedatus
961 2116 1014 2187 est,
1038 2133 1127 2188 quam
1145 2133 1192 2172 me
1211 2114 1258 2172 de-

244 2204 336 2278 nique
358 2203 507 2262 uiolentus
531 2203 713 2261 exanimaret
736 2205 765 2261 et
788 2201 969 2261 Philemonis
991 2203 1053 2260 ritu
1071 2203 1260 2278 compelleret

244 2294 315 2350 ante
339 2292 432 2351 letum
456 2293 537 2350 adire
561 2311 650 2366 quem
672 2293 791 2366 lectum,
814 2292 914 2367 potius
937 2291 1060 2366 implere
1082 2292 1146 2350 fata
1170 2312 1260 2367 quam

203 2404 231 2442 ao
244 2379 346 2455 fanda,
369 2398 571 2441 consummare
594 2381 694 2455 potius
719 2382 849 2439 animam
873 2399 961 2455 quam
983 2380 1146 2440 historiam.
1194 2400 1260 2439 cum

244 2471 376 2546 primum
408 2470 501 2545 igitur
534 2460 613 2544 apud
634 2469 791 2528 Persianas
825 2488 917 2544 aquas
949 2471 1009 2527 leni
1036 2471 1179 2546 temperie
1207 2489 1260 2528 nec

244 2560 344 2617 minus
367 2559 503 2633 utiquam
525 2558 635 2617 blando
657 2559 789 2617 fomento
818 2576 951 2635 gressum
979 2559 1158 2634 reciperaui,
1187 2578 1259 2618 non-

245 2648 317 2705 dum
341 2647 459 2722 quidem
483 2647 521 2705 ad
543 2647 729 2706 innitendum
755 2647 874 2721 idonce,
903 2647 953 2706 sed
977 2650 1121 2723 quantum
1146 2648 1183 2706 ad
1207 2667 1260 2707 nos

245 2737 402 2796 festinanti
425 2737 498 2796 satis
522 2736 692 2810 uidebatur,
720 2737 876 2795 ueniebam
902 2736 1052 2795 redditum
1076 2737 1155 2812 quod
1176 2739 1258 2813 pepi-

204 2845 231 2886 25
246 2845 362 2902 geram,
391 2843 457 2883 cum
483 2826 603 2884 interim
631 2844 683 2884 uos
712 2825 786 2883 mihi
812 2824 953 2884 beneficio
981 2829 1081 2885 uestro
1107 2846 1167 2885 non
1194 2828 1259 2884 tan-

319 3029 411 3084 aidis
430 3030 525 3084 Rohde
547 3029 590 3082 illi
613 3030 662 3100 Pp
754 3036 769 3083 3
797 3031 953 3084 comediam
978 3052 1000 3100 φ
1030 3033 1035 3099 1
1064 3030 1259 3084 nubtialcmF

299 3114 353 3142 mox

248 3160 264 3206 6
290 3126 401 3224 [fvi-(p
475 3159 490 3208 8
511 3154 560 3208 scd
576 3197 581 3209 .
598 3196 625 3208 ..
647 3157 713 3208 ante
737 3154 797 3207 dies
821 3172 882 3207 sum
906 3171 921 3208 e
946 3171 1008 3207 meo
1026 3153 1151 3223 periculo
1169 3170 1259 3207 recor-

247 3225 331 3279 datus
350 3226 448 3294 scripsi
471 3226 520 3279 sed
544 3225 640 3279 audies
666 3241 711 3279 me
733 3241 796 3278 meo
814 3224 938 3294 periculo
962 3226 1123 3280 recordatus
1141 3225 1190 3294 Pp
1210 3226 1260 3279 sed

247 3297 370 3350 audietis
388 3312 432 3350 me
451 3312 513 3350 meo
532 3315 558 3365 p.
577 3297 755 3350 recordatum
769 3297 822 3350 Kr.
837 3313 898 3350 cum
917 3297 1037 3350 Wowero
1053 3296 1131 3349 haud
1149 3296 1209 3350 sine
1222 3314 1258 3350 m.

246 3387 273 3437 p.
297 3367 460 3422 recordatus
482 3368 551 3422 oce.
661 3372 694 3421 10
713 3367 860 3438 ,uobisjp
970 3373 1001 3420 11
1021 3367 1232 3421 PhilemonisF
1254 3369 1257 3437 l

245 3437 408 3508 plenissime
436 3459 457 3507 φ
549 3445 582 3492 13
603 3438 742 3492 adfuerim
764 3438 786 3490 F
815 3437 943 3491 affuerim
966 3459 987 3508 φ
1017 3438 1022 3510 Ι
1052 3421 1259 3508 defregerimp

248 3509 461 3579 defringenml*
536 3515 568 3563 15
579 3515 607 3576 ia
627 3508 776 3579 affatimp
847 3509 1260 3580 1odiutinecp1eceruusl'c1

247 3581 365 3636 acerbus
385 3581 421 3650 φ’
495 3586 527 3634 19
547 3581 626 3635 adire
645 3581 760 3636 Stewecb
779 3580 856 3634 obire
875 3581 925 3650 Pp
1002 3585 1036 3633 20
1056 3596 1259 3649 consumarep

247 3652 403 3722 hystoriam
423 3674 444 3722 φ
504 3653 684 3720 neutiquam
704 3652 800 3706 Robdc
818 3653 851 3718 cf.
867 3669 894 3720 p.
911 3657 969 3706 178.
981 3656 1006 3718 8,
1024 3657 1058 3705 81
1070 3650 1110 3718 0.,
1129 3670 1155 3721 p.
1172 3657 1214 3706 27.
1227 3658 1260 3704 14

246 3723 293 3776 Kr.
307 3722 401 3792 (Flor.)
425 3723 468 3777 uti
497 3739 581 3790 quam
608 3724 659 3794 Frp
688 3722 752 3777 utili
780 3738 866 3790 quam
893 3725 976 3794 urclyo
1010 3727 1014 3793 Ι
1048 3723 1212 3792 recuperaui
1238 3745 1259 3793 φ

247 3801 280 3848 23
309 3795 417 3863 ydonee
446 3816 467 3864 φ
576 3801 610 3847 24
643 3794 814 3848 uidebantur
845 3794 893 3863 Fe
929 3798 932 3865 Ι
967 3794 1043 3862 quod
1075 3794 1112 3864 φ’
1143 3800 1196 3862 que
1224 3795 1260 3863 φ1

247 3905 281 3954 25
301 3902 407 3971 uestro]
427 3879 487 3969 riq>
