3125 4617
648 518 833 574 erouocn
1203 521 1246 586 ol

140 631 161 670 ι
177 629 289 671 oudone.
1171 630 1262 672 orreo.
1276 631 1291 671 ι.
1307 632 1356 672 no.

233 692 283 750 est
303 689 482 748 immortalis
505 688 618 748 scilicet
640 690 670 747 et
693 687 809 763 diuino,
837 691 926 764 etque
947 690 993 748 ite
1015 690 1099 748 uelut
1121 691 1249 765 quodem

233 796 341 854 sopore
370 778 472 836 futrne
500 796 599 836 rerum
626 795 813 854 prcescgere.
858 796 962 836 uerum
991 779 1154 853 enimuero,
1182 783 1251 838 utet

233 869 295 926 ists
318 884 382 926 sese
405 867 524 940 hebent,
547 866 573 924 si
596 885 654 941 quo
676 865 749 925 fides
771 866 852 926 hisce
873 867 961 926 rebus
979 867 1177 943 impertienda
1195 871 1249 942 est,

235 956 324 1016 debet
342 956 394 1014 ille
413 955 511 1014 nescio
531 955 583 1029 qui
599 974 674 1030 puer
691 955 847 1031 prouidus,
869 950 882 1034 d
906 959 1051 1031 quantum
1073 975 1128 1033 ego
1151 956 1249 1031 audio,

208 1047 268 1105 eet
290 1063 412 1122 corpore
436 1043 557 1103 decorus
587 1046 675 1119 etque
705 1045 821 1121 integer
848 1044 940 1122 deligi
969 1047 1001 1104 et
1022 1046 1122 1103 unimo
1144 1045 1248 1104 sollers

236 1137 267 1193 et
290 1152 340 1193 ore
363 1133 517 1207 fecundus,
539 1133 628 1191 utin
650 1151 685 1192 eo
709 1135 762 1192 eut
784 1132 887 1192 diuina
908 1135 1041 1209 potestus
1061 1135 1147 1209 quusi
1163 1134 1250 1194 bonis

237 1222 358 1282 cedibus
380 1221 470 1300 digne
493 1221 667 1296 diuersetur,
689 1222 715 1280 si
737 1225 839 1280 tamen
861 1241 896 1280 ee
913 1223 1000 1297 pueri
1017 1241 1138 1298 corpore
1156 1223 1250 1281 iuclu-

161 1327 223 1380 (ιιι)
237 1311 332 1386 ditur,
365 1329 404 1369 an
434 1311 499 1386 ipse
531 1311 646 1370 enimus
680 1312 849 1388 expergitus
880 1312 939 1370 cito
969 1310 1007 1370 ed
1035 1310 1250 1370 diuinationem

237 1419 323 1460 suum
345 1399 507 1477 redigatur,
531 1417 606 1474 quae
630 1400 658 1458 ei
679 1402 817 1476 prompte
839 1401 931 1459 insitu
949 1401 980 1458 et
997 1400 1081 1458 nullo
1100 1401 1248 1460 obliuione

198 1511 224 1550 ro
237 1489 339 1550 seucie
371 1491 401 1548 et
431 1488 520 1548 hebes
551 1488 639 1546 fucile
671 1491 847 1548 resumetur.
899 1507 958 1547 non
990 1490 1070 1547 enim
1101 1508 1136 1548 ex
1169 1491 1249 1547 omui

237 1579 335 1655 ligno,
367 1580 402 1635 ut
429 1577 617 1654 Pythagoras
649 1576 780 1652 dicebat,
815 1577 902 1636 debet
929 1578 1092 1636 Mercurius
1126 1578 1249 1654 exculpi.

239 1665 317 1742 quod
340 1667 367 1726 si
388 1667 434 1724 itu
457 1669 510 1741 est,
532 1667 693 1740 nominate,
717 1667 782 1741 quis
805 1666 857 1724 ille
880 1667 971 1726 fuerit
992 1685 1067 1741 puer
1085 1685 1183 1741 eunus,
1204 1669 1250 1725 in·

238 1756 376 1829 columis,
397 1755 582 1832 ingeniosus,
603 1755 740 1828 decenis,
770 1774 858 1830 quem
880 1773 936 1832 ego
957 1756 1087 1814 carmine
1109 1754 1250 1832 dignatus

239 1846 294 1905 sim
321 1845 451 1904 initiare.
496 1846 625 1903 ceterum
648 1843 788 1918 l'hnlluS,
812 1862 899 1918 quem
921 1845 1114 1918 nominastis,
1136 1843 1250 1902 medico

201 1934 338 2010 repotius
363 1952 452 2008 quam
473 1951 561 2010 mogo
583 1932 707 2010 indiget.
753 1935 799 1992 est
821 1933 900 1991 euim
923 1934 1014 1991 miser
1035 1932 1138 1992 morbo
1160 1933 1249 1991 comi·

239 2023 306 2081 tieli
336 2023 382 2080 ita
415 2022 580 2094 confectus,
609 2024 644 2079 ut
672 2024 719 2080 ter
748 2041 786 2079 cn
817 2023 922 2097 queter
949 2020 996 2080 die
1018 2039 1250 2096 saepenumero

239 2112 300 2170 sine
333 2111 404 2170 ullis
438 2110 654 2169 cantaminibus
686 2112 806 2169 corruet
837 2111 994 2186 omniaque
1016 2110 1157 2169 membre
1183 2127 1250 2167 eon·

170 2215 227 2266 (eoo)
240 2199 451 2258 dictationibus
474 2197 625 2272 debilitet,
647 2199 723 2258 facie
745 2199 911 2274 ulcerosus,
938 2200 1035 2260 fronte
1058 2201 1089 2257 et
1111 2199 1250 2273 occipitio

240 2289 464 2364 conquassetur,
487 2288 579 2346 oculis
602 2287 699 2362 hebee,
721 2288 843 2347 nuribus
866 2288 1001 2362 hiulcus,
1015 2287 1140 2363 pedibus
1163 2286 1251 2345 cedu-

202 2398 227 2438 ιι
240 2395 299 2437 cue.
344 2377 490 2436 maximus
514 2377 646 2436 omnium
667 2395 772 2454 magus
796 2379 851 2453 est,
874 2396 932 2453 quo
954 2379 1109 2452 praesente
1127 2375 1250 2434 Thullue

239 2466 290 2524 diu
312 2467 444 2525 steterit:
470 2466 515 2523 itc
536 2465 710 2542 plerumque
733 2466 835 2525 morbo
858 2484 912 2524 ceu
934 2484 1037 2525 somno
1059 2483 1184 2542 uergens
1206 2465 1251 2522 in·

239 2555 376 2614 clinstur.
422 2573 490 2614 eum
511 2556 611 2613 temen
633 2572 687 2612 uos
709 2555 889 2614 carminibus
911 2556 985 2614 meis
1007 2555 1182 2616 subuersum
1204 2553 1248 2612 di·
1260 2551 1358 2610 XLIV

238 2645 338 2717 xistis,
362 2642 441 2718 quod
462 2643 539 2701 forte
561 2661 609 2702 me
631 2661 731 2702 eorum
754 2644 845 2702 semel
867 2643 985 2702 decidit.
1030 2644 1165 2703 conserui
1187 2644 1250 2702 eius

239 2732 374 2808 plerique
394 2731 510 2806 adsunt,
529 2749 602 2806 quos
621 2730 752 2791 exhiberi
769 2731 975 2791 denuntiastis.
1011 2734 1137 2807 possunt
1155 2731 1250 2789 dicere

201 2840 226 2882 eo
241 2838 358 2895 omnes,
381 2819 452 2895 quid
475 2821 507 2878 iu
530 2819 636 2879 Thallo
659 2820 821 2896 despuunt,
848 2839 900 2879 eur
922 2839 1008 2879 nemo
1028 2816 1033 2898 l
1054 2821 1162 2878 undeet
1184 2834 1281 2878 cumr.
1296 2836 1344 2875 reu

240 2928 275 2969 eo
298 2927 334 2968 ex
354 2909 459 2968 eodem
480 2910 580 2970 catino
603 2927 716 2984 cenare,
739 2910 842 2968 eodem
863 2910 971 2985 poculo
988 2909 1095 2968 bibere.
1132 2907 1252 2983 etquid

240 3017 295 3075 ego
315 2997 351 3056 de
370 2995 483 3056 seruis?
506 3016 559 3057 uos
577 2997 646 3074 ipsi,
668 2999 695 3056 se'
714 2998 841 3071 audetis,
862 3000 968 3075 negute
986 2997 1134 3069 Thallum,
1157 2996 1251 3053 multo

238 3089 324 3164 prius
343 3105 432 3161 quum
450 3105 505 3168 ego
519 3085 612 3146 Oenm
629 3087 770 3161 uenirem,
792 3105 927 3147 corruere
945 3105 979 3145 eo
998 3086 1100 3145 morbo
1123 3085 1252 3157 solitum,

313 3296 348 3344 10
366 3290 464 3346 lembl
484 3290 519 3345 de
537 3290 598 3346 uite
616 3289 736 3359 Pytheg.
756 3306 778 3345 c.
799 3291 889 3357 34(p
909 3295 961 3343 480
978 3283 1098 3357 Kieeel..)

401 3453 435 3504 Ν

313 3511 422 3572 1quoe
440 3503 606 3558 immortalis
625 3504 647 3558 F
666 3505 716 3572 (e
735 3503 800 3558 add.
818 3519 853 3556 m
874 3504 910 3624 lp
928 3503 934 3569 Ι
962 3501 1081 3558 ueluti*
1154 3502 1254 3556 cucur

241 3575 317 3632 Gelu.
347 3578 381 3629 ut
406 3575 456 3644 l'p
552 3580 568 3628 8
601 3590 638 3628 en
665 3575 686 3627 F
715 3575 810 3643 eutp
844 3574 848 3641 Ι
902 3571 1099 3643 iuinetionem]
1127 3570 1254 3623 diuinum

240 3703 373 3756 naturam
393 3699 511 3754 Oceani).
583 3697 797 3820 9redigolturF
816 3645 996 3767 dirigetmp
1068 3702 1101 3749 21
1122 3697 1184 3767 ceu]
1204 3711 1253 3748 scu

242 3825 360 3882 omaro.
439 3829 474 3878 24
493 3821 598 3878 exiberi
616 3823 638 3876 l*
657 3772 805 3892 exiberip
885 3827 920 3875 25
939 3820 1036 3892 dll'p
1100 3827 1134 3876 26
1154 3836 1254 3876 cenare

241 3897 290 3966 Pp
365 3900 399 3948 27
419 3894 443 3948 ei
462 3893 574 3948 audetis
592 3893 675 3949 Sclm.
695 3893 800 3950 uidetis
819 3894 868 3962 Fe

1237 4152 1427 4278 m
