3125 4617
318 500 381 564 164
592 500 621 554 L.
640 499 772 552 APVLEI
791 499 1049 585 MADAVRENSIS

208 610 226 649 r.
241 610 300 650 rora.
314 609 331 648 r.
345 609 390 649 rea.
1271 609 1407 650 nocuum

314 669 428 726 uenire:
452 667 574 744 proinde
593 667 712 726 duceret
735 686 793 742 quo
811 666 924 726 liberet.
962 668 1045 726 duxit
1063 668 1189 744 Cynicus
1207 670 1240 727 in
1258 690 1321 747 por·

313 758 419 816 ticum:
460 756 585 830 ibidem,
614 756 646 814 in
669 758 733 815 loco
765 755 886 830 celebri,
916 775 1028 831 coram,
1064 757 1129 816 luce
1158 759 1320 818 clarissima

315 846 464 921 accubuit,
501 864 656 920 coramque
693 845 841 921 uirginem
872 845 1060 905 inminuisset
1089 849 1228 922 paratam
1258 850 1323 923 pari
1416 855 1418 877 ¹

314 936 494 1009 constantia,
521 935 552 992 ni
577 935 653 994 Zeno
681 934 834 1010 procinctu
861 934 1009 1010 palliastri
1036 935 1254 995 circumstantis
1276 956 1320 995 oo·
1333 953 1368 1001 (o)
1416 928 1418 973 }

316 1044 406 1083 ronae
430 1024 536 1083 obtutu
557 1023 696 1100 magistri
718 1024 832 1082 secreta
854 1021 1039 1082 defendisset.
1345 1046 1356 1084 s

237 1113 292 1171 XV
383 1113 485 1173 Samos
509 1113 604 1171 Icario
627 1112 659 1170 in
681 1112 756 1169 mari
780 1111 895 1170 modica
922 1112 1020 1170 insula
1048 1115 1106 1171 est:
1133 1114 1324 1173 exaduersum

315 1203 440 1262 Miletos.
487 1201 524 1260 ad
547 1200 728 1260 occidentem
751 1201 814 1258 eius
838 1200 895 1259 sita
917 1220 972 1259 nec
995 1201 1031 1259 ab
1055 1221 1090 1260 ea
1108 1203 1203 1262 multo
1227 1205 1325 1280 pelagi

315 1291 502 1366 dispescitur:
525 1291 663 1348 utrimcc's
685 1283 841 1367 <circuis>
863 1289 1021 1348 clementer
1047 1291 1242 1368 nauigantem
1265 1292 1324 1350 dies

315 1380 390 1438 alter
412 1379 444 1437 in
466 1381 555 1454 portu
578 1379 664 1438 sistit.
703 1397 774 1454 ager
795 1378 943 1436 frumento
965 1379 1060 1456 piger,
1083 1382 1183 1439 aratro
1206 1382 1322 1455 inritus,
1333 1396 1369 1445 (eoi

313 1468 466 1526 fecundior
489 1467 612 1540 olineto,
639 1486 693 1526 nec
715 1466 840 1525 uinitori
867 1486 920 1525 nec
942 1467 1062 1526 holitori
1084 1469 1233 1544 culpetur.
1278 1490 1324 1527 ru-
1336 1491 1358 1528 10

212 1573 228 1613 r.
243 1574 304 1614 iare.
317 1558 394 1615 ratio
427 1557 522 1615 omnis
554 1556 586 1614 in
618 1556 733 1614 sarculo
760 1549 770 1633 ΙΙ
795 1559 825 1613 et
856 1556 986 1629 surculo,
1023 1575 1149 1632 quorum
1179 1562 1327 1635 prouentu
1416 1610 1417 1623 ,

313 1646 409 1722 magis
438 1645 589 1704 fructuosa
618 1646 716 1704 insula
747 1646 793 1704 est
823 1664 912 1720 quam
940 1645 1092 1722 frugifera.
1137 1649 1271 1706 ceterum
1299 1651 1327 1706 et
1416 1662 1417 1719 Ι

313 1735 418 1793 incolis
440 1735 578 1810 frequens
608 1735 639 1792 et
667 1733 835 1808 hospitibus
865 1733 1020 1793 celebrata.
1066 1735 1211 1810 oppidum
1238 1736 1327 1794 habet

314 1843 502 1899 nequaquam
523 1842 578 1899 pro
601 1823 710 1900 gloria,
739 1822 791 1882 sed
814 1823 892 1898 quod
914 1824 1005 1882 fuisse
1029 1824 1161 1898 amplum
1185 1826 1326 1884 semiruta

314 1915 464 1971 moenium
490 1913 687 1971 multifariam
713 1912 855 1970 indicant.
902 1913 1051 1972 enimuero
1078 1913 1182 1971 fanum
1206 1914 1328 1973 Iunonis
1340 1932 1362 1971 15
1416 1918 1417 1983 ζ

316 2002 480 2076 antiquitus
503 2003 726 2078 famigeratum:
749 2001 780 2059 id
803 2002 907 2059 fanum
929 2001 1056 2060 secundo
1078 2002 1175 2076 litore,
1200 2003 1227 2061 si
1249 1993 1418 2095 rsotogssffi‘

313 2090 450 2150 recordor
472 2091 566 2164 uiam,
593 2091 704 2168 uiginti
726 2089 806 2148 haud
830 2090 957 2164 amplius
981 2091 1078 2149 stadia
1101 2090 1212 2166 oppido
1237 2093 1327 2152 abest.
1416 2134 1417 2179 Ι

313 2180 357 2237 ibi
379 2179 534 2238 donarium
558 2178 631 2237 deae
657 2198 801 2254 perquam
831 2178 1018 2254 opulentum:
1048 2180 1178 2256 plurima
1209 2183 1279 2239 auri
1300 2185 1329 2240 et

315 2270 432 2346 argenti
454 2269 530 2326 ratio
553 2268 585 2325 in
607 2267 750 2341 lancibus,
774 2268 914 2343 speculis,
937 2269 1051 2344 poculis
1075 2271 1105 2327 et
1128 2270 1330 2329 cuiuscemodi

314 2357 499 2415 utensilibus.
544 2376 652 2433 magna
676 2356 766 2415 etiam
788 2357 835 2414 uis
859 2357 934 2414 aeris
956 2358 1041 2416 uario
1065 2357 1209 2434 effigiem,
1232 2362 1329 2419 ueter·
1342 2379 1365 2418 ao

314 2446 389 2503 rimo
418 2449 448 2504 et
475 2445 626 2520 spectabili
661 2463 761 2520 opere:
793 2445 843 2503 uel
874 2445 942 2504 inde
975 2448 1044 2505 ante
1077 2466 1161 2505 aram
1192 2448 1330 2524 Bathylli

315 2536 415 2592 statua
452 2552 470 2591 a
505 2534 662 2610 Polycrate
698 2536 827 2609 tyranno
865 2534 978 2608 dicata,
1017 2554 1075 2609 qua
1111 2536 1187 2593 nihil
1225 2537 1330 2596 uideor

386 2707 402 2754 8
420 2701 502 2772 Verg.
522 2704 590 2758 Aen.
606 2703 644 2755 HI
660 2708 717 2757 116.

389 2849 403 2895 1
423 2842 504 2895 duxit
522 2843 644 2897 Stcccecb.
666 2844 722 2896 dux
740 2845 790 2913 Fp
810 2842 888 2897 ducit
905 2845 989 2916 uulgo
1060 2850 1077 2897 4
1096 2849 1230 2914 protento
1256 2847 1328 2902 occ.

316 2914 443 2985 proiectu
469 2913 590 2967 Fuluius
618 2914 622 2983 Ι
651 2915 793 2982 palliastri
818 2915 854 2984 φ’
878 2916 1024 2984 palleastri
1048 2916 1112 2984 Fo¹
1131 2918 1166 2984 cf.
1185 2917 1254 2972 Met.
1274 2918 1287 2971 I
1305 2923 1330 2984 5,
1416 2964 1417 2969 ,

317 3006 344 3057 p.
364 2991 433 3040 422
461 3021 463 3024 -
542 2990 557 3036 5
587 2985 716 3054 magistri
744 2989 852 3040 secreta
879 2987 975 3041 Robde
1006 2987 1137 3057 magistri
1164 2987 1194 3040 in
1223 2992 1329 3044 secreto

317 3060 367 3128 For
395 3055 561 3126 magistrum
589 3059 695 3109 secreto
724 3057 775 3111 Kr.
872 3062 888 3109 6
915 3057 1010 3126 ycario
1038 3080 1059 3128 φ
1090 3061 1094 3129 Ι
1125 3059 1281 3115 exaduerso
1309 3082 1329 3129 φ

319 3136 334 3184 8
355 3126 522 3199 dispescitur
547 3125 618 3181 Colo.
639 3126 794 3196 despicitur
811 3128 861 3197 Ftp
884 3134 888 3189 Ι
913 3128 1042 3182 utrimuis
1059 3128 1214 3254 permenio>
1233 3132 1332 3201 ampo

318 3201 448 3256 utrimuie
472 3199 555 3254 Soloi.
583 3199 721 3252 utrumuis
734 3199 794 3267 'For
867 3204 900 3252 10
918 3199 1033 3254 holitori
1088 3219 1110 3255 r.
1139 3200 1231 3254 holeri
1254 3203 1329 3272 Fpl

320 3273 450 3342 culpatur
468 3271 563 3326 Robde
582 3269 718 3338 scalpitur
735 3271 819 3340 uulgo
838 3270 976 3338 sculpitur
992 3271 1042 3340 Frp
1061 3272 1103 3343 (in
1120 3272 1142 3324 F
1160 3290 1195 3326 m.
1214 3292 1239 3328 r.
1259 3273 1331 3328 scul-

319 3345 396 3415 pitur
414 3345 446 3398 ic
464 3342 600 3412 scalpitur
617 3342 763 3395 correxisse
781 3340 851 3408 uid.)
907 3346 939 3394 12
957 3341 1165 3414 fructuopsayF
1224 3350 1257 3398 15
1276 3363 1330 3419 mg·
1416 3344 1417 3359 ¹

320 3433 399 3469 nrum
426 3415 447 3467 F
476 3431 525 3468 om.
546 3414 581 3482 φ1
610 3415 614 3483 Ι
644 3411 772 3465 indicant
799 3410 1024 3525 multifarippip
1114 3419 1148 3467 16
1176 3416 1331 3470 seeundum

931 3508 940 3533 ι
970 3509 979 3534 J

317 3539 416 3593 littora
434 3539 511 3607 Lips.
605 3540 637 3589 17
661 3537 755 3644 puto
790 3534 794 3604 Ι
828 3534 928 3588 stadiis
983 3557 1005 3606 φ
1095 3543 1128 3591 18
1150 3541 1330 3612 1119111211ιῖ

318 3669 464 3734 pquamp
545 3665 577 3714 19
597 3629 693 3728 spedily
714 3658 735 3710 F
757 3660 769 3738 Ι
799 3655 988 3713 culuscemodi
1005 3660 1027 3712 F
1045 3661 1080 3727 cf.
1099 3662 1225 3717 Indicam
1243 3681 1331 3719 meum
1416 3654 1417 3679 ¹

318 3735 350 3786 dn
368 3733 434 3784 Met.
453 3749 481 3798 p.
501 3736 552 3783 285
571 3727 764 3782 huiuscemodi
784 3747 805 3793 φ
826 3729 869 3793 (ec
886 3728 965 3794 corr.)
1047 3737 1079 3784 21
1098 3736 1130 3784 nt
1151 3732 1222 3788 Inde
1241 3735 1264 3788 F
1283 3753 1330 3790 ue-

318 3801 372 3854 luti
382 3803 511 3864 Berroka,
524 3801 639 3864 fortasse
651 3798 709 3861 fuit
721 3796 768 3848 uel
782 3795 840 3846 iarn
852 3793 1009 3850 inde=uel
1024 3802 1155 3855 continuo
1172 3804 1176 3874 Ι
1192 3804 1296 3859 Batilli
1310 3828 1330 3875 φ

319 3877 352 3922 22
368 3868 507 3920 Policrate
521 3867 570 3935 Fcp
587 3871 591 3936 Ι
608 3869 751 3936 [ῃγταιιηο
766 3864 788 3914 F
802 3863 914 3928 eirapno
928 3885 950 3931 φ
963 3868 1034 3922 siem
1046 3888 1073 3936 p,
1091 3877 1149 3926 165¹
1162 3879 1304 3932 1703156·
1316 3883 1330 3930 2

323 4020 593 4272 ,Γ
