3125 4617
319 528 360 595 92
593 527 622 578 L.
642 524 773 578 APVLEI
792 523 1051 578 MADAVRENSIS
1404 532 1406 633 y

211 638 227 677 r.
242 638 302 677 raon
316 636 331 675 r.
346 636 393 676 rea.
1273 633 1313 673 rra
1326 631 1402 672 onear

318 698 413 757 facere
435 697 574 770 paratum
603 694 709 768 fuisse,
740 711 920 768 quamquam
942 693 1036 750 omnis
1066 693 1121 752 illa
1149 696 1215 752 tam
1242 693 1325 755 foeda

319 785 410 844 animi
439 784 564 842 mutatio
595 786 625 840 et
654 783 790 857 suscepta
819 784 921 840 contra
949 784 1076 840 matrem
1105 782 1243 843 simultas
1270 801 1325 841 non

318 874 376 949 ipsi
400 873 474 931 uitio
502 870 645 933 rodenda
675 871 729 944 sit,
759 870 810 928 sed
840 888 938 929 socero
968 871 1031 928 eius
1061 871 1155 929 eccilli
1178 870 1325 930 Herennio

318 961 434 1036 Rufino,
457 962 508 1036 qui
530 979 622 1018 unum
644 960 790 1017 neminem
812 959 844 1014 iu
870 959 958 1016 terris
981 958 1117 1017 uiliorem
1139 977 1171 1018 se
1198 961 1254 1018 aut
1275 960 1326 1018 im-

319 1050 485 1128 probiorem
517 1051 570 1110 aut
601 1048 831 1121 inquinatiorem
864 1047 993 1122 reliquit.
1038 1049 1140 1122 paucis
1170 1046 1359 1122 hominems

320 1158 410 1214 quam
432 1137 645 1197 modestissime
668 1138 780 1209 potero,
803 1137 967 1194 necessario
990 1134 1207 1210 demonstrabo,
1236 1154 1282 1211 ne,
1303 1137 1327 1196 si

320 1228 438 1286 omnino
462 1225 497 1285 de
520 1243 554 1282 eo
572 1225 725 1298 reticuere,
749 1242 869 1298 operam
886 1223 1056 1299 perdiderit,
1080 1223 1158 1299 quod
1177 1226 1328 1301 negotium

320 1315 401 1373 istud
423 1314 497 1374 mihi
520 1332 554 1372 ex
578 1313 698 1370 summis
721 1312 834 1370 uiribus
858 1312 1004 1370 conflauit.

386 1402 443 1461 Hic
467 1405 511 1460 est
534 1402 612 1459 enim
635 1401 752 1476 pueruli
770 1401 857 1459 huius
875 1401 1044 1478 instigator,
1067 1401 1114 1459 hic
1133 1403 1326 1462 accusationis

320 1494 434 1564 auctor,
457 1491 504 1548 hic
527 1489 737 1548 aduocatorum
760 1489 934 1563 conductor,
955 1489 1004 1548 hic
1025 1491 1147 1548 testium
1170 1494 1327 1568 coemptor,
1339 1512 1361 1550 ro

319 1580 367 1637 hio
389 1580 482 1638 totius
505 1579 669 1636 calumniae
692 1578 854 1652 fornacula,
877 1577 925 1636 hic
947 1578 1108 1636 Aemiliani
1126 1579 1213 1639 huius
1232 1582 1327 1640 taxet

319 1667 478 1744 flagellum,
497 1667 629 1741 idemque
649 1665 728 1739 apud
747 1667 841 1724 omnis
859 1667 1158 1742 intemperantissime
1175 1669 1326 1744 gloriatur,

320 1776 367 1816 me
390 1774 442 1814 suo
471 1754 643 1814 machinatu
670 1773 754 1812 reum
782 1755 974 1829 postulatum.
1020 1756 1051 1812 et
1079 1772 1150 1812 saue
1179 1755 1270 1815 habet
1297 1758 1406 1818 inp-am

287 1871 306 1900 a.
321 1846 396 1920 istis,
417 1839 420 1922 l
441 1844 520 1920 quod
549 1843 606 1902 sibi
635 1842 767 1918 plaudat.
815 1845 859 1903 est
888 1844 967 1901 enim
996 1844 1127 1902 omnium
1155 1844 1257 1903 litium
1282 1844 1326 1903 de·

320 1936 429 2009 pector,
454 1933 584 1990 omnium
605 1932 748 1989 falsorum
771 1933 993 2005 commentator,
1016 1933 1147 1990 omnium
1164 1934 1326 1992 simulatio·
1340 1953 1362 1992 u
1409 1998 1411 2037 Ι

320 2042 391 2088 num
414 2021 605 2096 architectus,
633 2021 764 2079 omnium
790 2020 937 2101 malorum
964 2021 1167 2095 seminarium,
1194 2041 1249 2080 nec
1271 2041 1326 2080 non
1409 2046 1410 2049 ¹

320 2112 398 2171 idem
420 2109 577 2170 libidinum
599 2127 818 2186 ganearumque
840 2108 931 2183 locus,
953 2109 1089 2183 lustrum,
1112 2108 1249 2187 lupanar,
1270 2112 1384 2172 iamlam

320 2200 388 2258 inde
411 2198 448 2257 ab
471 2199 590 2256 ineunte
613 2216 687 2255 aeuo
710 2197 822 2255 cunctis
852 2196 968 2272 probris
997 2198 1098 2272 palam
1127 2202 1231 2273 notus,
1260 2200 1327 2260 olim

319 2290 350 2346 in
373 2288 511 2364 pueritia,
533 2288 707 2362 priusquam
728 2286 787 2344 isto
810 2286 932 2344 caluitio
955 2285 1177 2360 deformaretur,
1200 2306 1326 2347 emascu·

319 2375 464 2435 latoribus
488 2377 548 2434 suis
572 2375 726 2432 adomnia
748 2374 871 2432 infanda
893 2375 1066 2452 morigerus,
1087 2392 1154 2433 mox
1178 2377 1209 2434 in
1227 2378 1326 2436 iuucn-
1339 2395 1361 2434 ro

319 2467 384 2524 tute
414 2464 557 2522 saltandis
587 2462 696 2522 fabulis
727 2463 836 2521 exossis
865 2462 954 2539 plane
983 2465 1014 2521 et
1043 2465 1172 2539 eneruis,
1202 2465 1267 2540 sed,
1295 2467 1327 2524 ut

321 2551 422 2626 audio,
449 2551 568 2610 indocta
596 2554 626 2610 et
647 2550 714 2608 rudi
736 2551 873 2611 mollitia.
918 2553 1045 2627 negatur
1068 2553 1146 2610 enim
1170 2555 1325 2630 quicquam

214 2641 321 2702 LXXV
366 2640 517 2698 histrionis
540 2639 676 2699 habuisse
698 2641 817 2714 praeter
838 2639 1062 2716 impudicitiam.
1107 2641 1138 2698 in
1161 2641 1216 2700 hac
1239 2645 1326 2702 etiam

321 2731 418 2787 aetate
441 2747 500 2802 qua
524 2746 600 2786 nuuc
629 2731 673 2786 est
696 2760 737 2768 —
763 2730 815 2803 qui
842 2730 933 2788 istum
961 2730 992 2787 di
1018 2728 1172 2803 perduint!
1218 2732 1324 2789 multus

392 3064 406 3110 1
426 3059 485 3110 tam
502 3057 600 3126 scripsi
622 3060 683 3110 tum
701 3055 750 3125 Fp
773 3058 805 3109 tri
823 3057 841 3110 δ
948 3063 963 3110 3
987 3057 1124 3112 uortenda
1142 3016 1288 3112 Ftdrtbnda
1306 3078 1325 3127 φ

320 3136 335 3181 5
368 3127 459 3198 reliqd
486 3127 508 3179 F
541 3130 641 3198 (capro
667 3127 715 3181 boc
742 3127 905 3181 uocabulum
933 3129 1031 3199 lepiier
1057 3129 1165 3199 siquem
1190 3137 1225 3195 Κ,
1257 3129 1326 3198 quod

319 3201 390 3255 redit
413 3205 476 3268 post
499 3197 631 3252 conflauit
656 3201 705 3269 (ue.
726 3197 765 3266 8);
784 3197 855 3252 idern
872 3198 981 3269 ciperem
998 3202 1172 3268 campionem
1195 3205 1235 3254 eet
1258 3199 1326 3254 inl*

320 3271 432 3325 Metam.
452 3270 464 3321 l
484 3277 507 3337 1,
525 3287 553 3338 p.
574 3273 624 3322 1.7
643 3285 729 3338 supra
751 3268 848 3337 accipe
938 3275 1007 3323 bne
1026 3270 1050 3322 si
1070 3270 1185 3325 Coroeb.
1204 3270 1261 3323 nisi
1284 3271 1326 3338 Fp

322 3419 352 3464 11
373 3412 457 3480 idque
476 3411 551 3480 de
569 3410 699 3478 idemque
718 3412 782 3491 Kr.¹
801 3412 821 3492 l·
834 3369 1116 3478 intempdiantissime
1134 3412 1156 3463 F
1236 3417 1326 3466 131ne

321 3481 598 3555 suoflmeohinatul*
703 3486 736 3534 14
754 3479 876 3538 histrsl'
980 3486 1012 3534 16
1036 3485 1238 3537 commentator
1256 3483 1327 3554 Feri

321 3557 490 3607 commentor
517 3553 570 3606 Kr.
589 3568 650 3606 cam
680 3551 800 3606 Ouderrd.
910 3557 943 3604 17
966 3551 1042 3606 locus
1065 3553 1138 3622 Fprt
1164 3552 1257 3606 lutum
1276 3555 1325 3608 Kr.

370 3656 381 3682 θ

322 3707 508 3798 mrcegzpissup
528 3707 663 3813 er’rbrlrni'sr'p
763 3749 797 3825 2}
816 3747 909 3797 aetate
928 3761 983 3812 qua
1002 3747 1023 3798 F
1043 3750 1136 3801 aetate
1155 3747 1184 3799 in
1204 3764 1260 3816 qua
1279 3770 1301 3817 φ
1321 3748 1324 3818 Ι

320 3815 500 3937 fflfflpteiegdgint
520 3815 634 3868 Gaaarcb.
655 3813 823 3880 deperdurnt
840 3813 885 3865 Fa
902 3815 1060 3882 deperdunt
1078 3837 1099 3885 φ
1126 3821 1129 3884 Ι
1154 3817 1259 3871 multus
1279 3820 1326 3888 Fp
