3125 4617
298 495 362 560 104
610 491 640 547 Ia.
658 487 793 546 Aonul
810 488 1072 545 MADAVRENSIS
1409 316 1412 489 l

221 607 240 649 1.
255 603 345 648 met
360 604 407 644 m
1293 600 1336 640 Be

330 664 443 723 hiscine
465 663 496 721 te
517 662 644 737 patruus
667 657 833 736 disciplinis
860 658 1004 735 erudibit,
1031 662 1080 734 ut,
1109 659 1137 718 ei
1163 570 1413 737 compertumffl

331 752 441 812 habces
477 750 555 810 filios
590 749 649 809 tibi
683 748 796 808 similes
831 748 962 823 futuros,
997 767 1058 808 non
1094 748 1207 808 audeas
1244 749 1350 810 ducere

331 839 475 903 uxorem?

400 931 456 991 use
478 929 531 988 ille
552 931 659 1004 poetae
681 944 786 986 uersus
808 944 869 984 non
890 925 1029 1004 ignotnsx

546 1017 596 1076 odi
618 1016 758 1092 puemlcs
780 1014 942 1092 praecoqui
963 1014 1122 1091 sapientia,
1369 1034 1380 1075 o
1412 1038 1414 1073 ι

333 1110 384 1171 scd
412 1109 491 1168 enim
521 1105 640 1165 malitia
670 1103 831 1181 praecoqui
857 1123 983 1180 puerum
1015 1103 1082 1180 quie
1108 1124 1170 1164 non
1197 1109 1349 1167 auersetur
1360 1119 1406 1171 ccc

333 1203 424 1275 atquo
447 1195 556 1271 odcsit,
582 1211 649 1254 cum
672 1193 775 1253 uideat
797 1194 883 1254 uelut
903 1195 1071 1252 mensuum
1092 1194 1245 1270 quoddam
1268 1197 1348 1272 peius

332 1287 488 1347 robustum
510 1284 618 1344 scolere
641 1301 731 1359 quem
755 1285 896 1359 tempore,
918 1286 988 1342 ante
1010 1286 1166 1342 nocentem
1190 1302 1283 1359 quam
1297 1303 1349 1361 po·

333 1379 455 1450 tentem,
473 1372 563 1432 uiridi
580 1372 720 1449 pueritie,
742 1389 817 1430 cana
833 1369 971 1431 malitia?
994 1371 1043 1431 uel
1060 1373 1162 1448 potius
1180 1372 1238 1433 hoc
1255 1372 1349 1451 megia

334 1464 469 1539 noxium,
493 1462 571 1539 quod
595 1479 663 1520 cum
684 1459 772 1520 uenia
795 1462 977 1537 perniciosus
1000 1464 1046 1520 cst
1073 1463 1104 1520 ct
1125 1461 1261 1521 nondum
1282 1480 1349 1539 poe-
1361 1482 1384 1520 ιο

335 1573 400 1630 nac,
422 1555 484 1612 iam
506 1551 633 1610 iniuriae
656 1549 774 1610 sufficit.
810 1551 938 1609 iniuriae
960 1548 1047 1610 dico?
1073 1552 1166 1609 immo
1188 1551 1270 1610 enim
1291 1569 1350 1611 ece·

335 1643 391 1703 leri
414 1641 571 1702 aduersum
593 1642 748 1716 percntcm
769 1638 908 1715 nefando,
929 1639 1063 1714 immani,
1084 1639 1257 1715 impatibili.

228 1731 381 1794 LXXXVI
425 1730 620 1791 Athenienses
660 1728 779 1804 quidem
814 1730 938 1805 propter
975 1747 1129 1788 commune
1163 1729 1212 1788 ius
1248 1729 1351 1789 huma·

336 1820 441 1882 nitetis
464 1840 499 1880 ex
522 1818 649 1895 captiuis
674 1816 811 1895 epistulis
833 1817 967 1893 Philippi
989 1816 1158 1877 Macedonis
1185 1817 1283 1878 hostis
1304 1818 1350 1879 eui

337 1930 427 1971 unam
450 1909 622 1987 epistolam,
644 1925 710 1966 cum
733 1906 870 1984 singulae
887 1905 1005 1983 publice
1027 1907 1211 1985 legerentur,
1233 1907 1385 1968 recitaris
1414 1864 1416 1969 l

336 1999 567 2080 prohibuerunt,
604 2015 679 2073 quac
716 1997 780 2055 eret
817 1996 855 2054 ed
891 2013 1012 2055 uxorem
1043 1994 1254 2072 Olympiadem
1285 2015 1351 2056 con·
1414 2010 1415 2015 ’

337 2092 463 2167 acciptet
484 2083 495 2168 ΙΙ
516 2087 597 2147 hosti
621 2084 723 2163 potius
751 2086 959 2162 pepercerunt,
986 2103 1024 2144 ne
1045 2083 1185 2145 manitalc
1207 2089 1352 2146 secretum

338 2180 542 2257 diuulgmmt,
579 2173 806 2253 praeferendum
843 2174 903 2234 rati
940 2174 987 2233 fae
1025 2192 1180 2234 commune
1216 2177 1353 2253 propriae

338 2268 454 2329 ultioni.
500 2266 575 2327 tales
605 2264 704 2324 hostes
734 2263 894 2323 aduersum
922 2262 1051 2323 hostem:
1081 2266 1117 2323 tu
1149 2264 1248 2339 qualis
1275 2264 1352 2324 filius

339 2358 497 2418 aduersum
525 2351 672 2414 matrem?
701 2351 800 2427 uides,
830 2370 919 2428 quam
948 2352 1061 2411 similia
1089 2352 1276 2412 contendam.
1320 2357 1386 2413 tusc
1415 2400 1416 2457 1

338 2450 440 2506 tamen
461 2444 541 2504 filius
567 2442 673 2502 metuis
697 2440 842 2518 epistulas
869 2441 906 2500 dc
934 2459 1046 2518 amore,
1076 2444 1112 2501 nt
1139 2443 1198 2518 sis,
1228 2444 1353 2519 sciiptos
1415 2466 1416 2483 ¹

339 2536 372 2594 in
394 2535 453 2594 isto
476 2534 561 2593 coctu
582 2531 667 2610 legis,
689 2531 721 2590 in
744 2549 804 2606 quo
826 2531 853 2590 si
875 2530 1005 2606 aliquem
1027 2533 1148 2607 poetam
1165 2532 1354 2592 lasciuiorem

339 2622 482 2684 iubereris
505 2623 612 2699 legere,
632 2622 766 2696 profecto
789 2639 849 2679 non
873 2621 1028 2679 absuterest
1049 2619 1162 2696 pudore
1179 2623 1285 2681 tamen
1301 2622 1354 2680 eli-
1366 2631 1409 2686 (se)

341 2731 399 2790 quo
422 2711 611 2788 impedirere:
633 2709 725 2769 immo
748 2710 828 2768 onim
850 2727 1003 2784 nunquam
1024 2710 1130 2768 matris
1148 2712 1221 2770 tuac
1239 2710 1354 2770 litterae

341 2802 501 2880 attigisses,
524 2799 550 2859 si
572 2799 650 2858 ullas
673 2798 748 2858 alias
770 2798 889 2858 litteras
913 2797 1073 2875 attigisses,
1110 2801 1143 2858 at
1161 2801 1251 2859 ctiam
1267 2818 1388 2860 aususu

413 3030 429 3080 5
448 3021 622 3080 comicorum
639 3019 690 3077 let.
709 3020 769 3076 rell.
790 3021 833 3076 ed.
852 3020 981 3076 Ribbeck
993 3040 1026 3098 p.
1046 3027 1105 3076 111.
1125 3020 1159 3077 fr.
1179 3026 1222 3078 ⁷8.

414 3243 533 3309 obeo-q
548 3236 553 3310 l
571 3234 711 3306 sepientis
724 3234 746 3289 F
761 3235 784 3308 (ξ
798 3237 947 3292 ct-c'nter
960 3252 977 3290 o
991 3243 1049 3305 etq
1067 3236 1130 3292 aad.
1145 3253 1179 3290 m.
1194 3235 1228 3305 r.)
1248 3245 1356 3307 pcoqp

343 3315 360 3364 6
377 3309 477 3383 pcc-q:
488 3307 590 3379 pucru³
608 3307 630 3361 F
648 3313 717 3379 proq
735 3325 762 3377 p.
783 3327 805 3376 φ
904 3307 1081 3362 Srobustum
1100 3307 1210 3363 Goloiue
1226 3307 1357 3364 robustos

342 3382 392 3452 Pp
410 3380 526 3436 robusto
544 3395 606 3434 cam
624 3379 746 3434 Bocechc
764 3378 817 3432 Kr.
891 3383 924 3432 lt
939 3378 1055 3446 quidem
1071 3379 1121 3450 Εφ
1140 3378 1285 3447 quondam
1298 3396 1358 3434 cese

345 3453 461 3508 casaub.
482 3452 534 3506 Kr.
554 3455 558 3521 Ι
583 3459 700 3506 comune
719 3469 741 3519 φ
760 3452 795 3521 (-
811 3448 874 3504 add.
894 3466 928 3503 m.
947 3450 982 3517 r.)
1073 3456 1106 3505 14
1125 3449 1198 3520 eptis
1217 3457 1244 3506 ct
1262 3455 1358 3522 eptam

343 3525 393 3594 Εφ
449 3529 482 3578 16
502 3521 676 3592 Olimpiades
693 3520 715 3574 l*
734 3521 780 3576 scd
798 3536 866 3575 coru.
884 3536 919 3575 ac
937 3518 1109 3591 olimpiaden
1163 3526 1196 3576 19
1216 3528 1242 3576 et
1255 3527 1291 3576 20
1310 3522 1358 3576 ed-

344 3611 441 3649 ucrsus
460 3615 482 3665 φ
541 3599 575 3647 20
594 3591 779 3648 contendam?
799 3592 875 3657 Kr.‚
911 3596 944 3645 21
964 3605 980 3644 c
999 3595 1045 3647 tes
1063 3593 1112 3663 Fp
1167 3598 1202 3646 28
1221 3592 1358 3648 abnueres

349 3667 454 3748 Wocccr
472 3664 589 3719 auderes
608 3663 657 3733 Εφ
765 3669 800 3716 ab
826 3662 851 3717 si
872 3661 947 3717 ullas
1001 3662 1042 3748 ‘es
1059 3662 1170 3718 litteras
1188 3663 1239 3734 Γφ
1269 3667 1274 3734 Ι
1298 3670 1359 3748 post

344 3733 1190 3928 littglssltldtffbt'lqun‘lfflfflttult
1205 3737 1358 3874 illumi?

345 3890 407 3927 cum
447 3889 518 3927 coeo
