3125 4617
642 507 825 563 aroucam
1196 514 1239 578 65

138 618 163 658 d.
178 616 282 656 Oudend.
979 630 981 632 ’
1162 621 1177 660 f.
1193 623 1252 663 115⁸.
1266 623 1282 662 1.
1296 625 1344 666 lob.

155 694 214 742 (uo)
229 695 350 736 causam
382 675 478 734 diuini
516 676 611 735 morbi
650 695 725 751 esse,
764 697 831 736 oum
867 679 920 736 illa
956 680 1048 754 pestis
1084 682 1116 737 in
1149 685 1238 758 caput

139 764 417 839 ,cruaredundauit
440 763 670 839 haudquaquam
693 766 796 825 uideor
818 767 854 825 de
872 767 966 826 nihilo
978 771 1177 845 percontatus,
1200 791 1238 829 an

228 856 306 914 esset
334 853 453 912 mulieri
481 853 528 910 illi
557 856 648 929 caput
677 874 783 930 graue,
813 857 912 914 ceruix
939 858 1075 931 torpens,
1103 860 1238 935 tempora

228 943 363 1019 pulsata,
395 959 480 1001 aures
513 960 643 1002 sonorae.
689 945 831 1018 ceterum,
855 939 860 1022 Ι
885 945 964 1020 quod
995 945 1130 1005 dexterae
1158 950 1237 1007 auria

202 1031 390 1092 scrabriores
419 1031 546 1090 tinnitus
576 1031 738 1106 fatebatur,
768 1034 886 1109 signum
916 1037 981 1092 erat
1002 1035 1098 1094 morbi
1118 1037 1237 1111 penitus

230 1120 335 1178 adacti.
373 1139 443 1178 nam
462 1119 581 1178 dextera
603 1122 733 1195 corporis
755 1121 903 1181 ualidiora
925 1125 1003 1199 sunt,
1026 1142 1118 1198 eoque
1140 1126 1237 1184 minua

229 1210 292 1284 spei
323 1209 361 1267 ad
393 1210 553 1268 sanitatem
583 1209 769 1284 relinquunt,
801 1229 868 1268 cum
900 1214 930 1270 et
960 1213 1027 1286 ipsa
1058 1214 1237 1290 aegritudini

229 1298 431 1357 succumbunt.
477 1297 652 1356 Aristoteles
690 1298 762 1358 adeo
799 1300 830 1357 in
866 1300 1059 1375 problematis
1095 1303 1239 1378 scriptum

227 1386 364 1461 reliquit,
388 1386 619 1461 quibuscumque
642 1386 760 1446 caducis
784 1407 803 1445 a
821 1387 939 1447 dextero
961 1390 1081 1449 morbus
1103 1392 1237 1466 occipiat,

191 1497 216 1535 ro
229 1494 331 1534 eorum
355 1493 416 1534 esse
439 1474 635 1534 difficiliorem
661 1475 815 1535 medelam.
860 1477 982 1554 longum
1009 1482 1066 1554 est,
1095 1481 1121 1538 si
1147 1481 1238 1539 uelim

227 1563 427 1639 Theophrasti
451 1583 566 1638 quoque
585 1564 762 1623 sententiam
780 1565 817 1624 de
836 1565 937 1624 eodem
957 1567 1059 1627 morbo
1077 1587 1237 1643 recenser03

163 1668 217 1720 (511)
230 1656 275 1712 est
305 1653 385 1712 enim
415 1654 506 1711 etiam
535 1644 598 1712 eius
629 1654 763 1730 egregius
794 1654 867 1712 liber
897 1654 932 1712 de
961 1656 1086 1717 caducis.
1132 1659 1238 1732 quibus

228 1745 330 1800 tamen
362 1742 394 1799 in
426 1741 485 1800 alio
516 1741 606 1815 libro,
643 1761 729 1816 quem
762 1742 797 1800 de
828 1743 1029 1804 inuidentibus
1062 1746 1238 1805 animalibus

229 1830 414 1903 conscribsit,
435 1829 564 1889 remedio
583 1849 645 1890 esse
665 1832 708 1888 ait
726 1833 847 1890 exuuias
870 1832 1037 1907 stelionum,
1061 1853 1133 1908 quas
1155 1836 1238 1893 uelut

192 1941 217 1978 15
231 1920 346 1978 senium
378 1937 458 1977 more
495 1921 656 1978 ceterorum
688 1921 868 1995 serpentium
902 1922 1084 1997 temporibus
1116 1925 1237 1982 statutis

201 2023 204 2028 ’
231 2011 348 2068 exuant.
395 2007 446 2066 sed
468 2008 528 2066 nisi
549 2008 703 2067 confestim
733 2010 856 2084 eripias,
885 2011 1054 2087 malignone
1082 2014 1238 2088 praesagio

229 2117 267 2155 an
299 2097 433 2155 naturali
470 2097 641 2173 adpetentia
676 2097 744 2156 ilico
781 2100 993 2157 conuertuntur
1025 2103 1055 2158 et
1086 2099 1237 2159 deuorant.

228 2187 300 2245 haec
323 2185 433 2245 idcirco
456 2187 690 2260 commemoraui,
713 2187 858 2245 nobilium
879 2187 1121 2263 philosophorum
1139 2189 1238 2265 dispu-

228 2277 295 2334 tata
318 2275 408 2333 simul
431 2276 461 2333 ct
479 2274 569 2333 libros
589 2275 689 2333 sedulo
708 2276 860 2334 nominaui
882 2294 936 2336 nec
953 2278 1048 2335 ullum
1066 2297 1100 2336 ex
1118 2278 1238 2337 medicis

191 2385 215 2423 ao
230 2367 282 2422 aut
294 2365 393 2439 poetis
407 2363 490 2421 uolui
508 2364 663 2439 attingere,
688 2366 722 2422 ut
743 2365 795 2422 isti
817 2365 954 2424 desinant
970 2367 1082 2441 mirari,
1105 2368 1131 2426 si
1142 2366 1238 2443 philo-

319 2590 335 2637 9
355 2584 515 2639 Aristotelis
533 2584 576 2638 fra
627 2628 632 2638 .
652 2586 695 2639 ed.
714 2585 788 2640 Reae
806 2605 832 2654 p.
853 2593 912 2641 237.

302 2662 335 2708 12
355 2656 446 2710 Laert.
465 2655 545 2726 Diog.
608 2662 721 2710 42-43
745 2659 819 2726 (περὶ
846 2656 1002 2726 ἐπιλήψεως
1028 2660 1065 2727 α’,
1092 2661 1156 2728 περὶ
1183 2669 1238 2715 τῶν

355 2727 431 2791 ζῴων
451 2725 503 2782 ὅσα
520 2725 629 2796 λέγεται
647 2731 770 2795 φθονεῖν
789 2727 835 2798 α’).

302 2803 337 2850 14
355 2797 426 2852 Plin.
445 2802 502 2852 nat.
522 2797 587 2852 hist.
606 2797 683 2851 XXX
703 2804 744 2866 10,
764 2804 876 2853 87-89.

442 2980 451 3016 t

303 3035 317 3082 1
343 2999 461 3100 cappuJJ
498 3035 545 3140 ti
571 2990 721 3083 rediidauit
745 3030 766 3082 F
791 3029 961 3083 redundauit
986 3050 1007 3098 φ
1097 3036 1113 3082 3
1139 3030 1236 3099 Caput.

239 3158 321 3213 {rane
359 3153 381 3204 F
418 3123 517 3223 cepti]
552 3171 582 3223 [g
595 3168 662 3206 raue
690 3173 711 3221 φ
744 3152 777 3206 of.
806 3169 877 3206 uere.
905 3154 1038 3221 primum,
1070 3159 1163 3207 61116
1191 3153 1237 3208 Kr.

230 3231 247 3277 4
267 3239 369 3278 sonora
388 3226 416 3277 et
434 3227 557 3277 ceterum
575 3186 596 3276 F
616 3240 745 3295 sonorpej.
767 3228 909 3294 (punctum
926 3225 990 3278 odd.
1010 3242 1044 3278 m.
1062 3225 1096 3292 r.)
1120 3228 1149 3277 et
1167 3227 1238 3278 cete-

229 3366 333 3416 rump
364 3350 367 3415 Ι
398 3348 528 3418 domoras
546 3348 567 3399 F
587 3347 708 3418 dextep
789 3307 1004 3416 7relindiintp
1034 3351 1038 3416 Ι
1067 3347 1238 3416 aegritudini

1075 3431 1089 3459 8

230 3470 417 3526 succumbunt
441 3473 524 3543 culpo
550 3470 735 3542 aegritudinis
761 3472 929 3526 accumbunt
947 3471 968 3523 F
991 3470 1054 3540 ipsa
1072 3490 1091 3541 g
1107 3475 1111 3540 Ι
1129 3470 1238 3540 {gnitu-

230 3543 305 3597 dinis
325 3542 506 3612 acefibuntzp
579 3542 734 3609 ereliquid
752 3541 773 3593 F
791 3543 794 3609 Ι
815 3541 916 3609 quibus
935 3559 1005 3610 eque
1024 3543 1072 3611 Fu>
1146 3547 1177 3594 13
1196 3542 1237 3594 in-

229 3613 465 3683 uidentibuer
548 3621 580 3668 14
599 3611 764 3667 conscribsit
781 3613 803 3665 F
829 3616 833 3681 Ι
858 3612 973 3667 exubiae
991 3614 1012 3665 F
1031 3612 1171 3685 exupujiae
1190 3635 1211 3681 φ
1233 3614 1236 3685 Ι

231 3737 384 3794 stelionum
402 3738 423 3790 F
443 3687 592 3792 stelibnum
612 3758 632 3806 φ
658 3808 664 3819 ι
706 3742 738 3790 16
757 3736 858 3819 peagio
876 3737 926 3807 Fu>
950 3740 991 3807 (iu
1008 3738 1030 3790 F
1049 3755 1065 3791 o
1083 3755 1117 3792 ccc
1135 3754 1153 3790 a
1170 3755 1237 3818 corr.

229 3808 474 3954 deddddtrbbffiF
481 3809 502 3862 F
493 3810 685 3935 aebliieiesitda
703 3829 724 3877 φ
750 3810 754 3876 Ι
778 3809 845 3862 ihco
863 3809 884 3861 F
961 3815 994 3863 18
1014 3818 1238 3878 comemoramp

283 3979 381 4020 Arvnnr
393 3979 540 4029 Apologia
553 3982 576 4018 et
590 3979 715 4020 Florida.
1065 3976 1080 4023 5
