3125 4617
650 508 833 564 APOLOGIA
1204 510 1247 573 47

140 621 168 659 u.
182 618 290 661 oudone
775 612 778 619 ’
1185 619 1200 660 1.
1216 622 1275 661 usa
1289 620 1305 659 a
1319 620 1354 659 ea.

232 680 467 755 reciprocantur,
489 678 652 753 tranquillo
675 675 869 736 deseruntur?
896 672 907 756 d
932 695 1027 753 neque
1050 679 1128 737 enim
1150 680 1248 738 minus

233 768 303 831 istis
327 780 403 842 quae¹
427 767 654 827 commemoraui
677 765 892 825 accommodari
913 769 1039 842 possunt
1056 768 1195 826 similiter
1214 787 1249 827 ex

234 855 382 917 uocabulo
401 855 590 931 suspiciones.
626 870 713 929 posse
734 854 833 914 dicitis
852 855 953 915 adres
972 856 1105 914 uenerias
1129 860 1249 931 sumpta

234 946 273 1006 de
294 946 372 1003 mari
394 945 495 1020 spuria
518 947 548 1003 et
568 944 683 1003 fascina
700 946 823 1020 propter
840 945 992 1003 nominum
1011 944 1248 1004 similitudinem:

207 1035 290 1109 equi
311 1034 409 1093 minus
440 1034 537 1108 possit
568 1052 603 1091 ex
626 1032 728 1091 eodem
760 1033 847 1091 litore
879 1033 1009 1092 calculus
1042 1033 1079 1091 ad
1110 1034 1248 1108 uesicam,

161 1138 220 1189 (aas)
233 1125 314 1183 testa
329 1121 366 1179 ad
379 1123 599 1195 testamentum,
617 1139 721 1180 cancer
740 1119 777 1180 ad
791 1122 900 1196 ulcera,
918 1123 986 1198 alga
1000 1120 1037 1179 ad
1056 1121 1248 1199 quercerum?

233 1230 292 1275 uae
315 1205 388 1287 tu‚!
415 1209 519 1268 claudi
542 1210 683 1283 Maxime,
710 1210 800 1268 nimis
822 1211 940 1285 patiens
962 1210 1010 1267 uir
1032 1228 1063 1269 es
1086 1213 1116 1270 et
1138 1212 1247 1287 oppido
1262 1226 1277 1267 r.
1293 1230 1341 1268 roa.

235 1300 355 1376 prolixo
377 1299 571 1372 humanitate,
595 1299 646 1373 qui
669 1298 756 1357 hasce
780 1318 880 1357 eorum
904 1300 1174 1375 argumentationes
1197 1299 1248 1357 diu

234 1388 335 1447 hercle
366 1405 521 1462 perpessus
553 1388 602 1445 sia.
648 1385 786 1461 equidem
817 1406 884 1446 cum
914 1387 987 1446 haec
1014 1387 1051 1446 ab
1078 1388 1139 1447 illis
1162 1390 1248 1463 quasi

192 1499 221 1541 ro
235 1476 342 1553 grauia
365 1478 395 1535 εὴ
416 1475 570 1535 uincibilia
592 1474 767 1550 dicerentur,
790 1476 910 1534 illorum
928 1477 1090 1536 stultitiam
1107 1477 1248 1552 ridebam,

233 1569 321 1625 tuam
343 1564 519 1640 patientiam
541 1564 679 1623 mirabar.

283 1652 418 1712 Ceterum
438 1672 526 1728 quam
544 1652 581 1710 ob
598 1671 661 1711 rem
674 1641 819 1728 plurimod
837 1654 898 1711 iam
910 1654 1000 1728 piscis
1010 1656 1207 1731 cognouerim,
1229 1654 1355 1713 XXXVI

165 1760 221 1812 (aar)
237 1742 423 1819 quonmdam
447 1741 540 1801 adhuc
561 1743 677 1801 nescius
708 1760 771 1803 esse
800 1741 910 1815 nolim,
937 1742 1031 1801 discat
1053 1742 1247 1818 Aemilianus,
1342 1759 1345 1814 j

236 1832 377 1906 quoniam
408 1842 501 1905 usque
533 1830 606 1888 adeo
637 1829 724 1889 rebus
756 1831 829 1889 meis
859 1831 952 1889 curat.
1005 1849 1175 1906 quanquam
1204 1834 1249 1890 est

194 1941 221 1983 rs
235 1921 297 1983 iam
315 1920 473 1995 praecipiti
492 1937 564 1977 aeuo
584 1921 614 1977 et
632 1919 753 1979 occidua
772 1920 931 1993 senectute,
948 1921 1058 1993 tamen,
1077 1920 1103 1978 si
1121 1919 1248 1994 uidetur,

236 2008 364 2083 accipiat
387 2007 551 2067 doctrinam
578 2026 675 2066 seram
700 2006 790 2083 plane
817 2009 847 2066 et
872 2009 1048 2084 postumam.
1094 2007 1176 2084 legat
1197 2028 1246 2067 ue·

234 2100 333 2155 terum
362 2096 604 2172 philosophorum
633 2097 837 2172 monumenta,
871 2096 992 2155 tandem
1020 2099 1056 2154 ut
1083 2096 1248 2173 intellegat,

234 2205 295 2247 non
319 2205 366 2245 me
388 2186 517 2260 primum
538 2185 610 2245 haec
632 2186 800 2260 requisisse,
830 2184 881 2248 sed
903 2185 1099 2261 iampridem
1120 2186 1247 2244 maiores

234 2292 330 2349 meos,
359 2274 542 2335 Aristotelen
564 2274 630 2334 dico
658 2277 687 2334 et
710 2274 946 2350 Theophrastum
976 2275 1006 2333 et
1029 2274 1194 2332 Eudemum
1216 2277 1246 2334 et

141 2363 388 2439 arenLyconem
411 2366 580 2438 ceterosque
603 2363 738 2423 Platonis
761 2364 898 2437 minores,
921 2363 973 2438 qui
994 2364 1137 2439 plurimos
1156 2363 1247 2426 libros

195 2475 220 2513 ιι
236 2451 272 2511 de
296 2453 400 2530 genitu
423 2451 596 2510 animalium
619 2451 712 2528 deque
740 2454 823 2511 uictu
850 2452 943 2527 deque
970 2452 1126 2528 particulis
1154 2452 1248 2527 deque

236 2542 318 2601 omni
341 2540 506 2599 differentia
528 2541 718 2614 reliquerunt.
755 2541 829 2600 bene
852 2541 930 2617 quod
954 2541 1033 2616 apud
1050 2544 1090 2615 te,
1112 2542 1248 2616 Maxime,

235 2648 325 2689 causa
350 2631 462 2706 agitur,
485 2630 536 2706 qui
558 2648 612 2704 pro
635 2631 689 2687 tua
712 2629 876 2689 eruditione
898 2630 999 2706 legisti
1026 2631 1158 2705 profecto
1180 2630 1247 2688 Ari-

235 2716 354 2777 stotelis
386 2715 452 2798 περὶ
485 2713 567 2799 ζῴων
598 2714 751 2796 γενέσεως,
783 2715 849 2797 περὶ
880 2713 963 2800 ζῴων
988 2714 1151 2796 ἀνατομῆς,
1182 2716 1247 2797 περὶ

196 2828 222 2869 as
236 2803 321 2889 ζῴων
349 2806 477 2886 ἱστορίας
502 2806 664 2883 multiiuga
690 2807 856 2881 uolumina,
883 2811 1036 2881 praeterea
1062 2807 1249 2884 problemata

169 2912 222 2966 (ere)
235 2898 392 2955 innumera
415 2890 522 2974 (aaa)
545 2895 684 2970 eiusdem,
706 2897 771 2954 tum
794 2916 830 2955 ex
852 2896 954 2955 eadem
976 2897 1057 2955 secta
1074 2898 1247 2971 ceterorum,

308 3106 343 3153 24
362 3099 522 3155 Aristotelis
541 3098 640 3169 fragm.
661 3100 703 3153 ed.
723 3100 797 3153 Rose
814 3118 841 3168 p.
861 3105 913 3152 277
932 3102 962 3153 et
981 3105 1039 3153 710.

308 3283 324 3330 3
354 3277 526 3402 suspiciones
556 3277 604 3346 qu
644 3281 648 3346 Ι
686 3276 815 3331 uenerias
842 3276 891 3345 Ρφ
1000 3282 1015 3329 5
1044 3275 1165 3328 calculos
1198 3275 1247 3344 re

237 3363 410 3469 tquercerd
427 3402 476 3469 Εφ
495 3417 656 3470 querceram
675 3402 727 3455 Kr.
802 3401 901 3471 inae]
919 3416 955 3455 ne
973 3400 1022 3482 llp
1104 3398 1248 3467 Sprolixa

238 3473 355 3529 Corace.
375 3472 502 3555 proxima
519 3472 568 3542 qu
679 3477 710 3525 12
729 3471 815 3553 piscis
834 3470 1013 3541 cognouerim
1031 3470 1246 3538 quorundamll

235 3543 323 3613 piscis
355 3544 559 3597 nominauerim
595 3542 828 3613 cognouerimq
941 3548 974 3595 16
1006 3544 1167 3611 postumum
1197 3542 1247 3610 re

238 3620 270 3669 17
288 3614 441 3685 intellegat
458 3615 480 3667 F
498 3614 641 3684 intelligat
660 3634 681 3683 φ
755 3619 788 3667 19
808 3613 971 3668 aristotelem
989 3614 1011 3666 F
1030 3612 1187 3671 aristotilen
1202 3615 1245 3683 φ(

236 3688 432 3809 theoprastum
454 3736 683 3806 tendemuqur
773 3742 808 3791 20
831 3736 1029 3808 Liconeml'p
1119 3742 1153 3790 24
1170 3737 1247 3793 ΠΕΡΙ

236 3812 346 3867 zares
367 3811 447 3867 ΓΕΝΕ
485 3809 555 3867 ΕΕΙΗ
584 3758 683 3877 ΠΕΡΙφ
689 3808 864 3868 ΖῶωΝὰΝὰ
881 3759 1029 3867 ΤΟΜΟΙ(φ
1032 3808 1114 3870 ΠΕΡΙ
1138 3808 1247 3865 zares

239 3880 422 3937 ΙΕΤΟΡΙὰΕΡ
485 3881 820 3951 recompensarent
836 3887 902 3936 sumt
918 3882 1032 3951 repetito
1085 3880 1119 3934 26
1138 3878 1247 3952 (cum)
