3125 4617
320 504 361 566 72
592 503 621 555 L.
642 500 773 555 APVLEI
792 500 1051 555 MADAVRENSIS

213 611 228 652 ι.
242 613 302 654 usu.
317 611 332 651 ι.
348 611 394 652 ιιι.
1275 609 1315 649 re.
1327 610 1357 648 ou

318 671 416 748 gregis
438 670 586 746 primitias
609 670 755 745 impertit:
783 669 900 728 nullum
927 670 958 727 in
985 670 1061 728 uilla
1084 670 1148 728 eius
1171 667 1325 728 delubrum

318 759 424 832 situm,
453 760 553 818 nullus
583 759 666 818 locus
694 762 749 817 aut
774 759 860 817 lucus
883 762 1077 818 consecratus.
1124 758 1249 833 etquid
1274 777 1326 835 ego

319 849 354 907 de
377 848 444 907 luco
468 852 498 907 et
520 847 642 907 delubro
671 844 797 922 loquor?
833 850 946 923 negant
971 847 1084 906 uidisse
1110 865 1142 906 se
1171 848 1222 922 qui
1245 848 1326 906 tuere

318 938 350 996 in
381 937 488 995 finibus
520 936 584 996 eius
616 955 709 994 unum
738 935 845 994 saltem
876 938 930 994 aut
960 936 1091 1011 lapidem
1120 939 1244 994 unctum
1276 939 1327 994 aut

318 1044 434 1084 ramum
467 1028 647 1085 coronatum.
698 1025 793 1102 igitur
822 1024 1021 1102 adgnomenta
1056 1025 1084 1084 ei
1121 1025 1179 1083 duo
1215 1024 1359 1083 inditam

320 1114 445 1189 Charon,
468 1113 585 1173 utiam
609 1113 686 1188 dixi,
709 1113 746 1173 ob
771 1114 830 1173 oris
854 1116 884 1172 et
906 1114 998 1171 enimi
1021 1113 1188 1188 diritatem,
1211 1113 1263 1172 sed
1288 1114 1327 1171 al·

319 1207 431 1278 terum,
468 1200 546 1277 quod
582 1201 722 1260 libentius
755 1201 857 1275 audit,
892 1201 929 1260 ob
961 1201 1084 1263 deorum
1115 1205 1375 1278 contemptumne

319 1291 490 1350 Mezentius.
527 1293 712 1366 quapropter
732 1290 821 1350 facile
843 1290 994 1368 intellego,
1017 1291 1105 1351 hosce
1128 1291 1156 1350 ei
1178 1294 1227 1351 tot
1248 1291 1328 1349 initi·

321 1399 406 1440 orum
429 1379 663 1438 enumerationes
687 1397 780 1456 nugas
808 1379 919 1454 uideri,
949 1382 979 1438 et
1008 1381 1109 1439 forsan
1131 1399 1168 1438 ne
1193 1379 1328 1438 oblano

321 1467 418 1526 diuini
440 1467 657 1528 contumaciam
679 1486 738 1527 non
765 1467 889 1527 inducat
917 1469 949 1526 in
978 1469 1111 1527 animum
1137 1488 1244 1527 uerum
1267 1486 1361 1528 esseio

322 1555 400 1632 quod
419 1555 489 1630 dixi,
511 1575 559 1614 me
582 1556 766 1616 sanctissime
789 1558 837 1615 tot
858 1574 1009 1616 sacrorum
1031 1557 1117 1636 signe
1135 1561 1167 1616 et
1184 1575 1325 1617 memora·

322 1645 391 1704 cula
413 1644 569 1704 custodire.
615 1645 666 1704 sed
689 1664 757 1722 ego,
788 1644 860 1720 quid
887 1644 923 1703 de
952 1664 999 1704 me
1022 1647 1185 1706 Mezentius
1209 1646 1384 1719 sontiatum

321 1752 442 1793 manum
464 1753 524 1794 non
547 1734 704 1809 uerterim,
728 1733 833 1793 ceteris
856 1738 956 1793 autem
979 1734 1144 1794 clarissima
1166 1753 1241 1794 uoce
1262 1753 1326 1810 pro·

321 1823 419 1883 fiteor:
456 1824 481 1882 si
505 1823 557 1898 qui
580 1824 656 1883 forte
680 1823 764 1882 adest
787 1823 945 1882 eorundem
967 1823 1144 1883 solemnium
1165 1823 1241 1881 mihi
1261 1842 1326 1899 par·

322 1913 429 1989 ticeps,
459 1912 576 1990 signum
599 1912 683 1987 dato,
713 1914 744 1971 et
766 1911 870 1971 audias
892 1912 963 1971 licet
990 1931 1066 1987 quae
1090 1932 1144 1990 ego
1167 1912 1326 1972 adsemem
1339 1933 1361 1971 ιι
1407 1946 1409 1995 l

322 2021 392 2060 nem
415 2001 550 2076 equidem
574 2001 655 2060 nullo
678 2019 812 2076 unquam
832 2001 965 2077 periculo
987 2001 1161 2077 compellar,
1185 2019 1327 2077 quaere
1408 2060 1409 2065 ,

322 2090 440 2150 ticenda
464 2089 572 2165 accepi,
594 2090 668 2148 haec
691 2089 728 2148 ad
750 2090 891 2164 profanos
914 2089 1076 2149 enuntiare.

223 2179 308 2239 LVI]
387 2179 430 2237 Vt
451 2182 542 2254 puto,
571 2178 714 2253 Maxime,
744 2178 817 2236 satis
840 2178 943 2239 uideor
968 2178 1061 2237 cuiuis
1083 2179 1133 2237 uel
1155 2178 1327 2253 inquissimo
1409 2172 1410 2175 ’

323 2268 455 2326 animum
478 2267 616 2342 explesse,
640 2269 670 2325 et
694 2265 774 2341 quod
797 2265 836 2324 ad
858 2267 1010 2325 sudarium
1031 2267 1190 2343 pertineat,
1213 2281 1385 2331 omnemou)
1410 2286 1411 2319 l

323 2355 453 2415 criminis
484 2355 631 2414 maculam
661 2354 830 2428 detersisse,
862 2374 897 2414 ac
926 2355 1003 2416 bono
1035 2357 1096 2414 iam
1126 2356 1259 2432 periculo
1291 2354 1362 2414 adeo

322 2444 527 2504 testimonium
548 2443 625 2502 illud
649 2441 762 2517 (tressi,
793 2443 873 2518 quod
901 2447 971 2520 post
997 2445 1056 2503 ista
1079 2445 1165 2520 quasi
1188 2444 1327 2522 grauissi

323 2551 405 2590 mum
426 2532 576 2608 legerunt,
607 2549 625 2589 a
648 2521 873 2613 suillrpicionibus
895 2532 1057 2592 Aemiliani
1078 2536 1326 2593 transoensursus.

324 2619 527 2679 testimonium
550 2639 585 2678 ex
608 2619 708 2679 libello
738 2620 799 2697 legi
828 2621 939 2681 audisti
968 2623 1086 2699 gumiae
1116 2622 1271 2680 cuiusdam
1299 2625 1328 2679 et

395 2812 411 2860 6
430 2805 464 2861 cf.
483 2821 548 2876 pag.
568 2811 654 2860 3215
674 2808 703 2860 et
720 2805 786 2862 Hor.
806 2807 863 2862 Sat.
883 2808 906 2861 lI
925 2815 948 2862 6.
960 2813 1002 2863 20.

395 2882 411 2930 8
429 2877 512 2947 Verg.
532 2877 599 2932 Aen.
618 2876 670 2930 VH
689 2882 748 2930 647,

397 3044 410 3091 1
439 3036 565 3106 impertit
589 3037 688 3106 scripsi
714 3037 810 3108 imptit
836 3039 858 3091 F
885 3038 1012 3108 impartit
1040 3040 1092 3094 Kr.
1207 3045 1223 3092 2
1251 3038 1328 3093 locus

326 3111 375 3162 eut
406 3110 458 3164 Kr.
492 3125 552 3163 cam
582 3108 686 3162 ronco
717 3109 833 3175 seclusit,
863 3111 910 3164 sed
941 3111 975 3177 cf.
1008 3109 1122 3164 Florida
1155 3115 1214 3164 1.1
1258 3110 1263 3183 Ι
1303 3112 1331 3163 et

324 3181 408 3252 culpo
426 3196 457 3234 ec
475 3180 497 3232 F
515 3181 583 3249 eto
692 3185 707 3233 8
733 3182 840 3249 negent
869 3180 975 3235 uidisse
1004 3197 1034 3235 ee
1064 3181 1113 3248 qui
1141 3180 1220 3236 luere
1244 3198 1331 3235 unum

325 3251 427 3306 saltem
444 3250 576 3304 infinibus
595 3250 655 3320 ejus
675 3253 725 3305 aut
738 3250 862 3322 lapidem
877 3251 926 3322 Fu
940 3259 984 3306 tro
1085 3253 1109 3308 a
1126 3253 1178 3308 Kr.
1252 3252 1330 3306 oad-

326 3324 476 3394 gnomenta
495 3321 562 3376 eiF
591 3321 852 3394 agnom,entaoi,p
926 3329 941 3376 '1
971 3339 1007 3376 au
1030 3323 1052 3377 't
1074 3322 1150 3379 obF
1176 3324 1209 3378 in
1230 3340 1332 3379 roseco

327 3394 555 3467 Vtrircul'F
574 3413 615 3481 (in
632 3428 684 3481 my.
703 3415 809 3482 mezen)
837 3413 842 3483 Ι
871 3410 1045 3482 intellegol'
1110 3417 1143 3466 10
1166 3412 1285 3466 inducat
1302 3412 1332 3466 in

327 3484 450 3538 animum
468 3484 490 3536 F
508 3482 644 3550 inducatp
662 3483 786 3536 animum
804 3503 826 3552 φ
844 3482 962 3536 inducat
975 3483 1099 3537 animum
1113 3484 1165 3538 Kr.
1231 3489 1264 3536 12
1279 3501 1329 3555 mo.

327 3555 348 3608 F
374 3556 453 3609 tabet
478 3554 580 3608 meleu
688 3560 720 3607 14
748 3553 925 3608 sollemnium
956 3575 977 3624 φ
1090 3561 1123 3608 15
1152 3553 1253 3607 audias
1281 3554 1331 3622 Fe

383 3641 395 3650 ’
573 3638 588 3666 Ι

328 3685 360 3733 16
378 3654 483 3745 siquam
501 3678 523 3730 F
540 3628 606 3746 until
626 3698 648 3746 φ
666 3688 743 3746 (corr.
763 3694 798 3732 aa
814 3680 956 3748 umquam)
1051 3684 1083 3732 1‘1
1101 3677 1262 3748 prophanos
1281 3678 1331 3746 Fe

327 3819 376 3871 ηιμ.
396 3801 418 3852 F
438 3801 516 3854 tabet
537 3799 568 3853 fe
586 3817 672 3854 mom
689 3801 805 3868 antipae
895 3805 929 3854 18
937 3762 1071 3855 ‘danne
1088 3823 1112 3884 φ
1130 3819 1181 3926 op
1200 3802 1223 3855 F
1240 3803 1332 3858 tabet:

1116 3888 1132 3925 e

328 3871 362 3924 de
376 3869 536 3924 testimonio
595 3875 628 3922 22
643 3869 848 3936 suspicionibus
862 3871 911 3939 Fe
965 3878 999 3925 28
1018 3888 1115 3941 guma
1191 3873 1333 3942 goimiep

173 4271 175 4277 .
258 4194 709 4278 A
