3125 4617
658 565 840 620 ironeam
1207 569 1247 632 91

149 679 176 717 :a
194 676 301 716 cusona.
1171 676 1187 715 r.
1202 677 1261 717 nes.
1276 679 1291 715 r.
1307 678 1355 716 res.

244 736 360 794 cionem
377 753 567 808 reseruarem,
585 753 681 809 neque
699 754 752 810 pro
773 736 866 795 amico
885 755 979 811 neque
1002 754 1056 810 pro
1074 736 1248 810 philosopho

244 825 404 882 facturum.
449 823 537 882 nimis
566 824 661 880 multa
691 823 786 882 oratio
816 827 876 897 est,
905 825 931 882 si
960 823 1050 881 uelim
1079 841 1248 897 memorare,

248 931 324 988 quae
348 928 403 988 ego
426 914 528 970 eontm
549 911 758 986 responderim,
782 931 873 987 qnam
896 911 948 969 diu
971 914 1001 970 et
1019 913 1154 988 quotiens
1171 913 1250 970 inter

172 1017 232 1069 (sse)
247 1019 302 1060 nos
324 999 544 1076 uerbigeratum
574 1001 627 1074 sit,
658 1003 730 1075 quot
759 1003 790 1058 et
813 1000 949 1075 qualibus
971 1000 1106 1075 precibus
1129 1019 1175 1058 me
1198 1001 1248 1058 ad-

216 1107 363 1167 sgressus
386 1087 466 1146 haud
484 1089 566 1163 prius
586 1087 717 1146 omiserit
736 1107 827 1163 quam
845 1088 971 1164 denique
992 1088 1167 1163 impetrarit,
1189 1108 1248 1147 uon

148 1195 235 1234 ιιιιιι.
246 1178 320 1253 quin
344 1195 399 1253 ego
421 1175 622 1234 Pudentillam
644 1177 705 1234 iam
728 1196 804 1234 anno
827 1176 942 1252 perpeti
966 1174 1090 1235 adsiduo
1109 1177 1248 1235 conuictu

242 1266 334 1341 probe
363 1258 368 1342 l
398 1268 574 1339 spectassem
604 1268 634 1323 et
662 1265 809 1323 uirtutum
838 1264 900 1324 eius
930 1265 1013 1324 dotes
1043 1266 1248 1340 explorassem,

243 1355 294 1413 sed
317 1355 422 1427 utpote
451 1353 696 1430 peregrinationis
726 1354 846 1428 cupiens
875 1353 1117 1428 impedimentum
1146 1355 1247 1412 matri-

243 1443 325 1502 moni
348 1441 565 1516 aliquantisper
586 1459 802 1500 recusaueram.
839 1461 905 1500 mox
925 1444 1026 1499 tamen
1051 1442 1142 1500 talem
1164 1443 1247 1500 femi-

205 1553 230 1591 ιο
243 1551 315 1589 nam
351 1529 445 1586 nihilo
481 1529 598 1606 segnius
634 1529 729 1604 uolui,
765 1549 855 1605 quam
892 1530 917 1587 si
948 1529 1028 1588 ultro
1061 1529 1247 1604 appetissem.

243 1621 433 1694 persuaserat
454 1616 533 1676 idem
554 1616 717 1676 Pontianus
740 1619 830 1676 matri
853 1636 937 1690 suae,
964 1620 999 1675 ut
1027 1636 1073 1674 me
1097 1618 1164 1677 aliis
1188 1638 1247 1676 orn-

243 1707 332 1766 uibus
359 1706 478 1780 mallet,
509 1708 538 1763 et
568 1724 658 1781 quam
685 1707 815 1782 primum
842 1707 897 1764 hoo
919 1705 1056 1780 perficere
1083 1705 1248 1764 incredibili

244 1795 343 1855 studio
368 1794 481 1852 suebat.
526 1795 576 1851 uix
603 1794 640 1851 ab
668 1813 701 1852 eo
733 1794 882 1852 tantulam
913 1812 1025 1851 moram
1046 1796 1248 1868 impetramus

243 1885 315 1942 dum
336 1884 419 1959 prius
441 1884 504 1958 ipse
526 1902 645 1941 uxorem
672 1881 803 1956 duceret,
829 1882 924 1940 frater
950 1883 1012 1940 eius
1043 1882 1138 1940 uirilis
1161 1885 1248 1958 togae

203 1991 331 2033 rausum
353 1971 567 2046 auspicaretur:
589 1974 660 2029 tunc
683 1971 786 2030 deinde
809 1974 844 2028 ut
865 1989 918 2028 nos
941 1971 1190 2046 coniungeremur.

310 2059 434 2118 Vtinam
455 2059 571 2118 hercule
593 2077 709 2134 possem
732 2078 808 2134 quae
830 2057 933 2117 deinde
956 2057 1078 2116 dicenda
1101 2062 1171 2117 sunt
1199 2050 1208 2137 1)
1229 2056 1354 2114 LXXIV

246 2151 308 2208 sine
326 2149 454 2206 maximo
473 2165 577 2206 causae
597 2147 748 2223 dispendio
766 2141 942 2224 transgredi,
965 2166 1001 2204 ne
1022 2145 1179 2221 Pontiano,
1201 2148 1248 2204 cui
1262 2162 1278 2198 ι.
1293 2162 1353 2200 rso..

246 2257 373 2297 errorem
396 2254 481 2294 suum
508 2235 676 2311 deprecanti
703 2236 877 2311 simpliciter
902 2237 1019 2311 ignoui,
1047 2234 1151 2292 uidear
1172 2253 1248 2292 nunc

245 2327 400 2385 leuitatem
423 2325 604 2399 exprobrare.
641 2323 780 2383 confiteor
804 2326 889 2398 enim,
913 2322 990 2399 quod
1012 2323 1086 2380 mihi
1104 2323 1250 2381 obiectum

204 2437 231 2475 ro
247 2419 307 2489 est,
330 2434 412 2487 eum,
438 2416 596 2488 postquam
618 2431 737 2471 uxorem
760 2412 892 2485 duxerit,
919 2432 937 2470 a
959 2413 1100 2486 compecti
1123 2411 1179 2469 fide
1201 2411 1249 2470 de-

246 2505 367 2563 sciuisse
390 2519 424 2559 ac
447 2499 601 2575 derepente
629 2502 720 2559 animi
747 2504 911 2574 mutatum,
941 2500 1019 2576 quod
1049 2503 1137 2558 antea
1158 2502 1249 2558 nimio

244 2591 343 2651 studio
365 2590 531 2664 festinarat,
552 2591 619 2665 pari
641 2591 804 2665 pertinacis
827 2589 1009 2665 prohibitum
1030 2590 1101 2663 isse,
1124 2588 1249 2664 denique

177 2699 228 2750 (sse)
244 2699 280 2739 ne
298 2679 520 2737 matrimonium
537 2682 671 2737 nostrum
689 2679 871 2751 coalesceret,
895 2677 1012 2753 quiduis
1035 2678 1109 2752 pati,
1132 2677 1249 2752 quiduis

306 2835 350 2882 ·23
371 2827 405 2882 cf.
424 2827 489 2882 Met.
509 2828 546 2880 IX
558 2834 598 2896 18
617 2846 643 2897 p.
660 2834 719 2882 201.
731 2833 777 2895 2ος
796 2827 861 2880 Hor.
882 2827 970 2881 Carm
989 2827 1248 2894 messallae.

318 2977 333 3023 3
359 2970 487 3038 quotiens
510 2970 531 3021 F
559 2970 725 3091 cotiensocpu
798 2975 815 3022 4
839 2968 985 3037 adgressus
1008 2969 1030 3021 P
1059 2984 1204 3038 aggressus
1228 2988 1249 3035 φ

245 3101 260 3148 5
281 3109 367 3163 quam
386 3093 516 3164 denique]
536 3109 620 3162 quarn
630 3043 734 3160 debus
742 3093 762 3145 F
777 3093 944 3160 quandoque
959 3113 980 3161 φ
994 3093 1026 3145 in
1038 3109 1089 3162 my
1104 3091 1250 3157 qdenique

246 3218 401 3273 6adsiduo
420 3218 441 3270 l*
461 3217 613 3286 assiduos>
704 3215 835 3305 ipbel
849 3179 1018 3287 pectalsrF
1037 3215 1107 3283 (fait
1124 3216 1250 3281 pectasee

244 3378 313 3416 corr.
334 3377 367 3413 m.
387 3360 420 3427 r.)
438 3317 748 3465 pbellspectxsemp
779 3361 783 3426 Ι
812 3356 960 3410 uirtutium
986 3356 1007 3408 F
1111 3360 1126 3406 8
1153 3355 1248 3407 matri-

245 3453 355 3595 mebi:
342 3501 407 3554 ali
392 3501 540 3572 quantisp
559 3501 580 3553 F
600 3500 691 3578 (j
667 3500 774 3553 add
789 3517 824 3553 m.
838 3498 872 3565 r)
886 3496 1086 3550 matrimoniali
1103 3473 1249 3566 bantisprp

302 3611 374 3658 impp
376 3609 437 3657 idus

247 3668 279 3715 13
292 3621 412 3715 suebat
440 3658 567 3732 (cupidus
583 3661 646 3714 add.
665 3677 698 3713 m.
717 3658 908 3725 recentissima)
964 3663 996 3710 15
1011 3654 1124 3726 deinde]
1137 3656 1251 3721 fortasse

245 3735 301 3800 fait
320 3731 441 3799 denique
459 3733 531 3800 quod
548 3734 566 3786 d
583 3748 623 3786 aa.
645 3735 677 3785 16
700 3731 778 3784 tabet
799 3745 850 3797 pro
870 3727 971 3782 deinde
1043 3732 1075 3780 16
1098 3725 1249 3780 herculei*

248 3810 279 3857 18
298 3804 441 3856 herrorem
459 3801 549 3943 Pp(
581 3807 613 3854 19
633 3799 821 3870 exprobaret*
893 3803 1053 3867 20acomp
1055 3797 1110 3852 ecti
1124 3795 1249 3852 Hildebr

247 3873 409 3942 atonspecti
423 3873 477 3927 lide
538 3874 569 3926 iu
528 3876 663 3944 (ray-
667 3872 777 3954 ·(1))ιο
796 3870 831 3925 de
848 3886 878 3924 re
896 3870 1011 3939 penteP
1066 3867 1250 3939 riderique]

247 3945 378 4013 idemque
397 3947 414 3997 d
490 3948 522 3995 21
542 3959 576 3996 ne
590 3943 798 3996 matrimonium
811 3944 936 3995 nostrum
954 3940 1122 3995 coalesceret
1135 3939 1183 4007 Fp
