3125 4617
641 517 825 574 APOLOGIA
1176 520 1240 586 109

162 632 277 674 onasus.
1163 630 1181 669 r.
1195 631 1255 671 naa
1269 631 1287 672 r
1300 632 1348 672 us.

221 693 363 770 porrecta
385 690 486 766 palma
516 686 735 766 significantur,
764 707 801 746 ea
831 688 1031 766 quadraginta
1059 691 1095 748 tu
1116 690 1241 752 dimidio

223 799 332 860 auges,
354 797 415 839 non
437 780 521 855 potes
544 777 707 855 digitorum
734 781 823 855 gestu
845 795 972 853 errasse,
998 777 1058 837 nisi
1083 779 1160 840 forte
1186 780 1240 840 an·-

222 873 312 950 ginta
344 886 491 928 annorum
522 865 726 925 Pudentillam
755 869 841 926 ratus
875 866 962 927 binos
995 867 1137 942 cuiusque
1169 871 1241 928 anni

223 959 363 1020 consules
386 956 559 1016 numerasti.

145 1064 208 1116 (seo)
293 1048 386 1106 Missa
425 1045 498 1104 haec
540 1043 628 1103 facio.
682 1043 770 1103 uenio
802 1062 882 1104 nunc
914 1044 953 1103 ad
987 1044 1086 1121 ipsam
1117 1044 1243 1122 stirpem
1256 1047 1307 1109 XO

196 1134 434 1210 accusationis
454 1133 493 1194 ad
510 1133 608 1210 ipsum
626 1151 747 1192 causam
764 1132 912 1192 maleficii.
948 1133 1127 1209 respondeat
1139 1134 1240 1194 Aemi-

223 1228 325 1286 lianus
354 1227 385 1284 et
410 1223 549 1298 Rufinus,
579 1221 615 1280 ob
647 1222 725 1298 quod
756 1222 1002 1298 emolumentum,
1032 1224 1091 1283 etsi
1112 1226 1241 1285 maxims

223 1333 332 1394 magus
350 1314 455 1388 forem,
472 1310 677 1370 Pudentillam
695 1310 875 1370 carminibus
893 1314 924 1371 et
941 1313 1064 1372 uenenis
1082 1313 1120 1371 ad
1138 1313 1242 1373 matri·

144 1404 369 1464 tesmonium
390 1400 586 1479 pellexissem.
632 1399 717 1475 atqui
740 1417 796 1478 ego
818 1401 893 1475 scio,
915 1401 1072 1476 plerosquo
1098 1421 1165 1462 reos
1188 1403 1243 1461 ali-

184 1513 211 1554 10
226 1495 312 1554 cuius
336 1491 476 1551 facinoris
499 1489 677 1566 postulatos,
700 1489 726 1548 si
747 1488 840 1548 firisse
864 1490 1022 1566 quaepiam
1044 1508 1152 1551 causae
1174 1511 1242 1568 pro·

223 1583 384 1656 barentur‚
416 1580 473 1640 boo
502 1596 563 1637 uno
593 1597 625 1638 se
654 1581 757 1638 tamen
789 1577 906 1638 abundo
937 1577 1117 1656 defendisse,
1145 1581 1244 1642 uitam

225 1690 315 1732 auam
341 1669 445 1747 procul
475 1666 514 1726 ab
542 1666 713 1727 huiusmodi
742 1667 902 1727 sceleribus
931 1667 1106 1744 abhorrere,
1135 1689 1190 1729 nec
1211 1670 1243 1729 id

226 1759 287 1820 sibi
319 1758 421 1819 obesse
454 1755 573 1832 debere,
606 1756 685 1832 quod
716 1755 876 1816 uideantur
908 1757 1054 1831 quaedam
1084 1758 1178 1818 fuisso
1205 1759 1244 1818 ad

224 1847 476 1908 malefaciendum
497 1845 705 1905 inuitamenta.
750 1863 811 1904 non
838 1845 918 1905 enim
944 1847 1045 1905 omnia
1074 1865 1152 1922 quac
1178 1847 1244 1907 fieri

185 1959 211 2000 re
226 1938 383 2016 potuerint
404 1955 459 2013 pro
481 1934 570 1994 factis
592 1933 743 1994 habenda:
769 1953 869 1994 rerum
890 1933 972 1994 uices
990 1935 1091 1995 uarias
1110 1936 1243 1996 euenire:

227 2031 346 2088 eertum
366 2025 495 2085 indicem
518 2025 661 2100 cuiusque
685 2023 817 2083 animum
835 2042 912 2084 esso:
936 2025 990 2100 qui
1007 2043 1123 2101 semper
1140 2025 1243 2086 eodem

226 2117 350 2195 ingenio
376 2109 379 2194 l
405 2113 444 2173 ad
466 2113 612 2173 uirtutem
638 2114 689 2173 uel
718 2113 757 2172 ad
786 2113 935 2172 malitiam
963 2116 1096 2174 moratus
1125 2114 1243 2174 firmum
1256 2134 1273 2174 r.
1288 2136 1336 2176 aas

226 2207 439 2288 argumentum
461 2205 508 2262 est
530 2202 694 2281 accipiendi
722 2201 854 2261 criminis
882 2204 935 2260 aut
956 2203 1125 2280 respuendi.
1169 2203 1243 2264 baec
1317 2192 1323 2204 ’

228 2314 286 2374 ego
309 2311 493 2371 quamquam
518 2295 632 2368 possim
660 2291 767 2352 merito
797 2291 908 2367 dicere,
936 2295 1038 2352 tamen
1067 2293 1152 2353 uobis
1176 2311 1243 2352 con-

186 2405 213 2445 ae
227 2385 307 2444 dono
330 2401 384 2442 nee
402 2382 475 2442 satis
493 2380 568 2440 mihi
586 2382 671 2457 duco,
694 2380 722 2442 si
738 2400 786 2439 me
804 2381 937 2442 omnium
955 2400 1030 2458 quae
1047 2381 1244 2442 insimulastis

228 2472 348 2533 abunde
379 2471 521 2550 purgaui,
553 2473 580 2532 si
608 2490 756 2548 nusquam
788 2488 895 2546 passus
926 2489 994 2531 sum
1023 2472 1074 2531 uel
1106 2474 1245 2551 exiguam

228 2562 428 2639 suspicionem
447 2563 564 2638 magiae
588 2560 755 2620 consistere.
792 2562 929 2635 reputate
946 2559 1108 2638 uobiscum,
1132 2564 1245 2637 quanta

228 2650 343 2710 fiducia
364 2651 551 2710 innocentiae
574 2669 657 2709 meae
682 2651 853 2725 quantoque
871 2648 1012 2727 despectu
1030 2650 1125 2710 uestri
1142 2669 1244 2729 agam:

230 2741 257 2802 si
277 2760 338 2799 una
357 2758 447 2800 causa
465 2740 514 2798 uel
536 2739 661 2798 minima
683 2739 775 2797 fuerit
793 2739 927 2814 inuenta,
949 2758 1001 2798 cur
1019 2758 1074 2818 ego
1092 2739 1245 2800 debuerim

187 2850 213 2892 as
228 2829 418 2889 Pudentillae
441 2828 561 2888 nubtias
584 2828 621 2888 ob
639 2828 762 2903 aliquod
779 2847 878 2888 meum
896 2828 1082 2888 commodum
1096 2831 1245 2906 appetere,

301 3076 318 3124 2
338 3068 456 3140 digitozl
483 3071 565 3139 gestu
588 3068 685 3140 Used
707 3087 728 3140 g
748 3086 783 3125 ec
809 3069 930 3137 Scor.)
957 3068 1076 3140 digitolr
1101 3072 1244 3140 Egestnc

228 3219 246 3270 4
265 3159 420 3279 ffiiiii
438 3232 460 3282 φ
533 3216 549 3266 5
567 3210 662 3281 ipsum
679 3210 701 3264 l’
774 3216 791 3266 6
808 3211 979 3282 respondeat
991 3212 1041 3282 Εφ
1056 3214 1062 3281 Ι
1078 3210 1245 3266 aemilianus

230 3359 260 3412 et
278 3355 384 3410 rufinus
403 3354 452 3424 Fu
472 3356 501 3408 et
518 3353 634 3408 Rufinus
653 3371 703 3410 om.
723 3355 776 3409 Kc.
859 3301 1050 3424 8uenle1iso
1130 3359 1146 3408 9
1165 3355 1247 3423 atqui

229 3428 355 3500 Scaliger
373 3428 436 3499 atq3
457 3425 507 3494 Fu
581 3424 833 3496 11habnnde1le
911 3430 944 3479 14
963 3425 1000 3480 ad
1017 3424 1247 3481 maleficiundum

231 3503 310 3571 (nom
330 3497 430 3566 malis.)
449 3497 499 3566 Fu
590 3503 623 3551 1⁶
642 3497 820 3622 potiuejffint
839 3517 860 3567 φ
884 3500 930 3568 (ue
947 3499 980 3551 iu
997 3499 1063 3567 roa.)
1081 3497 1206 3568 poterint
1223 3499 1245 3553 l*

231 3576 266 3624 17
286 3569 324 3624 ad
342 3567 483 3625 malitiam
502 3589 523 3639 φ
542 3568 579 3635 ad
597 3568 738 3623 malitiam
840 3572 874 3622 18
892 3568 1017 3624 criminis
1035 3570 1057 3624 F
1076 3568 1246 3625 discriminis

231 3663 253 3712 φ
319 3647 352 3695 21
373 3640 486 3696 abunde
504 3640 525 3694 F
543 3639 677 3694 habunde
696 3660 717 3710 φ
735 3640 845 3696 rectitui
858 3641 980 3710 priorem
992 3641 1247 3712 mmmm,

230 3730 315 3784 quam
338 3713 392 3767 Kr.
411 3713 503 3768 mutue
527 3718 595 3768 recte
619 3717 776 3768 mutauerat
799 3712 1017 3783 metuendo
1038 3719 1102 3784 poet
1124 3714 1247 3784 purgaui

229 3845 255 3893 et
267 3837 414 3920 ‚scribendo
433 3835 477 3891 sin
491 3853 544 3906 pro
563 3835 588 3890 si
605 3837 755 3920 liceacbom
772 3844 879 3893 secutus
897 3836 954 3906 sin3
973 3798 1032 3907 quii
1047 3839 1069 3892 l*
1147 3844 1181 3892 22
1199 3856 1247 3894 su·

230 3908 425 3979 spicionemll
498 3913 532 3962 23
550 3910 638 3962 uestri
656 3908 678 3962 l*
751 3914 785 3963 lo
803 3909 918 3964 nubtias
936 3910 958 3964 F
