3125 4617
652 503 837 559 APOLOGIA
1185 507 1247 570 111

146 617 165 657 a
180 615 292 656 ondens.
1177 615 1268 656 arsa.
1282 618 1298 656 r.
1312 620 1360 660 aa..

306 675 383 734 Vide
416 692 541 750 quaeso,
577 673 721 748 Maxime,
757 692 846 750 quem
875 675 1039 732 tumultum
1072 675 1253 750 suscitarint
1266 679 1334 739 xcl

237 765 384 841 quoniam
406 781 461 841 ego
484 780 594 839 paucos
612 781 768 840 magorum
784 763 963 822 nominatim
981 764 1145 838 percensui.
1182 765 1255 840 qnid

143 883 147 916 ·.
234 855 349 913 faciam
369 856 435 912 tam
456 851 592 926 rudibus,
614 855 679 910 tarn
700 849 858 911 barbaris?
898 850 1020 911 doceam
1041 870 1160 912 rursum
1181 854 1255 912 haec

143 1003 145 1006 .
237 947 270 1003 et
289 943 386 1002 multo
409 940 497 1018 plura
519 941 581 1000 alia
598 940 720 999 uomina
736 941 769 998 in
787 939 984 1016 bybliothecis
1001 936 1012 1020 fl
1028 939 1155 1016 publicis
1175 942 1255 1019 apud

206 1031 419 1093 solarissimos
443 1030 500 1090 scri
553 1048 600 1089 res
623 1049 670 1089 me
692 1029 812 1108 legisse,
833 1048 872 1088 an
895 1030 1045 1106 disputnn
1066 1031 1154 1108 longe
1172 1031 1255 1089 aliud

238 1139 303 1181 esse
326 1120 467 1179 notitiam
488 1119 649 1194 nominum,
673 1119 755 1178 aliud
778 1120 853 1178 artis
871 1119 1003 1179 desdam
1020 1119 1255 1179 communionem

164 1227 221 1279 (aaa)
238 1229 294 1269 nec
316 1208 422 1268 debere
450 1208 602 1268 doctrinae
629 1208 862 1267 instrumentum
890 1212 920 1268 et
947 1208 1122 1268 eruditionis
1144 1227 1254 1269 memo·

142 1293 143 1296 ’
236 1300 315 1358 riam
346 1317 401 1376 pro
433 1297 616 1357 confessione
648 1297 779 1356 criminis
810 1296 927 1374 haberi,
964 1317 1016 1373 an,
1049 1298 1128 1373 quod
1158 1298 1254 1357 multo

142 1421 143 1426 κ
237 1387 451 1464 praestabilius
479 1389 540 1462 est,
569 1389 623 1446 tua
652 1386 804 1461 doctrina,
834 1384 942 1445 Glaudi
968 1386 1114 1463 Maxime,
1142 1389 1254 1463 tuaque

142 1509 143 1512 ¹
195 1478 372 1554 inperfecta
401 1475 566 1535 eruditione
595 1476 900 1535 amnemamnem
927 1476 1029 1535 stultu
1057 1479 1088 1535 et
1109 1477 1255 1553 impolitis

238 1567 278 1626 ad
300 1567 375 1625 haec
396 1562 594 1642 respondere?
630 1564 676 1624 ita
704 1564 805 1641 potius
831 1565 956 1623 faciamz
985 1564 1058 1641 quid
1083 1565 1131 1623 illi
1154 1566 1254 1625 existi-

237 1658 330 1730 ment
352 1654 442 1713 nauci
464 1672 524 1713 non
546 1653 667 1730 putabo.
705 1653 785 1728 quod
806 1654 927 1712 institui
947 1673 1072 1731 pergam
1088 1654 1255 1730 dispirtare:

237 1745 354 1804 nullam
367 1743 442 1802 milri
455 1761 579 1803 causam
591 1743 684 1802 fuisse
697 1741 901 1801 Pudentillam
914 1742 1063 1802 ueneficiis
1081 1743 1120 1801 ad
1133 1744 1255 1820 nuptias

237 1831 433 1911 prolectandi.
901 1841 903 1844 '

196 1945 223 1986 rs
305 1921 447 1980 Formam
468 1921 602 1980 mulieris
626 1923 657 1980 et
679 1923 810 1980 aetatem
831 1920 890 1997 ipsi
912 1920 993 1980 ultro
1010 1921 1256 1998 improbauerunt

237 2012 329 2088 idque
351 2011 427 2068 mihi
449 2010 525 2070 uitio
548 2009 706 2085 dederunt,
732 2011 826 2068 talem
851 2027 974 2068 uxorem
996 2025 1086 2068 causa
1109 2011 1256 2069 auaritiae

142 2101 428 2176 ..rcrmconcupissa
458 2102 549 2175 atque
577 2099 650 2158 adeo
677 2099 774 2175 primo
802 2098 903 2158 dotem
929 2100 963 2157 in
985 2116 1145 2176 congressu
1166 2118 1254 2176 gran-

237 2190 305 2250 dem
324 2192 355 2248 et
372 2188 493 2247 uberem
509 2188 653 2265 rapuisse.
689 2188 728 2246 ad
744 2188 827 2263 hacc,
848 2187 986 2271 Marinio,
1008 2187 1100 2265 longa
1121 2189 1255 2248 oratione

237 2281 369 2357 fatigem
392 2280 423 2337 te
445 2296 506 2337 non
528 2279 574 2338 est
597 2276 765 2337 consilium:
788 2277 865 2336 nihil
886 2275 986 2336 nubis
1008 2295 1083 2353 opus
1106 2280 1164 2352 est,
1187 2296 1255 2336 cnm

198 2391 225 2431 so
238 2369 336 2428 multo
360 2367 500 2426 disertius
522 2365 607 2444 ipsae
629 2366 750 2426 tabulae
772 2367 947 2442 loquantur,
969 2366 1002 2423 in
1025 2365 1132 2441 quibua
1155 2367 1255 2426 omnia

238 2461 345 2518 contra
376 2474 466 2531 quam
493 2455 547 2515 isti
576 2475 611 2516 ex
639 2474 693 2515 sua
719 2456 885 2532 rapacitate
911 2453 949 2514 de
975 2474 1022 2514 me
1046 2474 1164 2531 quoque
1185 2474 1254 2515 con·

236 2547 435 2620 iectauerunt,
457 2546 539 2604 facta
561 2544 841 2622 impraesentiarum
862 2547 892 2603 et
914 2545 1035 2620 prouisa
1051 2544 1084 2602 in
1103 2535 1256 2621 posterum

236 2634 447 2712 deprehendis:
476 2635 537 2692 iarn
565 2634 696 2711 primurn
723 2633 857 2692 mulieris
885 2633 1134 2708 locupletissimae
1161 2635 1254 2694 modi·

348 2893 458 2946 Xerxen
475 2907 571 2963 regem
588 2892 736 2946 Persarum
757 2891 833 2946 bello
856 2891 932 2959 quod
954 2891 980 2946 is
998 2891 1135 2946 (trucciae
1157 2891 1257 2946 intulit

349 2963 511 3031 comitatum,
546 2980 579 3018 ac
605 2963 686 3017 uelut
713 2963 821 3016 scrnina
849 2963 918 3017 artis
944 2966 1125 3033 portentosae
1151 2964 1257 3033 sparsit

348 3034 438 3090 obiter
456 3035 561 3090 iniecto
580 3051 757 3104 quacumque
775 3037 1003 3089 commeauerant
1019 3034 1132 3089 mundo.

311 3233 504 3354 uligines
577 3289 594 3338 4
612 3283 838 3354 bybliothecisll
856 3282 1036 3339 bibliothecis
1051 3303 1073 3353 φ
1146 3288 1162 3335 6
1181 3299 1254 3338 corn-

237 3358 402 3412 munionem
424 3355 529 3410 habere
552 3356 605 3410 Kr.
625 3371 686 3410 cum
704 3357 828 3412 Borecha
849 3362 875 3410 et
895 3355 1090 3411 naamon
1111 3355 1185 3409 oded.
1208 3356 1255 3410 sed

236 3462 510 3533 secernerem
523 3469 695 3532 mamae
709 3463 920 3535 mansu.
982 3460 1136 3533 rapiar]
1150 3445 1255 3532 [apid

236 3534 314 3607 Μ,
332 3553 353 3588 n
374 3535 432 3602 sere
454 3551 534 3591 casa
556 3542 606 3601 cst,
633 3541 719 3589 totum
745 3535 909 3589 uocabulum
931 3535 963 3588 ia
979 3534 1046 3602 rue.)
1137 3539 1171 3586 10
1190 3549 1254 3586 con-

237 3611 384 3676 tempnam
402 3627 424 3676 φ
498 3611 531 3659 12
550 3605 646 3677 nauci]
665 3605 746 3659 nacci
764 3605 871 3677 Folio
883 3623 969 3677 rupo
983 3623 1017 3659 m.
1032 3610 1127 3660 isca:
1143 3603 1255 3659 diltcei

238 3768 271 3804 m.
288 3755 317 3804 3:
333 3711 354 3803 i
366 3747 461 3816 nauci)
543 3754 575 3801 21
596 3748 827 3802 coniectauernnt
843 3749 876 3803 in
892 3747 915 3801 F
933 3730 1061 3818 repetiuit
1078 3766 1113 3802 m.
1131 3764 1154 3802 r.
1173 3764 1256 3815 saper

238 3823 369 3946 Zpglaknr
443 3825 477 3873 22
496 3819 758 3890 impraesentiarum
776 3818 826 3889 lup
846 3819 994 3891 ipmjprp
1077 3825 1110 3873 23
1128 3819 1187 3874 iarn
1204 3819 1254 3889 se
