3125 4617
657 503 842 560 APOLOGIA
1193 505 1257 571 105

144 615 168 656 a.
184 614 299 658 omens.
1182 615 1200 656 ι.
1213 617 1273 660 1220.
1287 619 1304 659 s
1318 621 1366 662 su.

240 693 273 735 es
306 676 392 734 tuam
423 673 516 750 ipsius
549 673 708 751 epistulam
740 672 897 751 legendam
928 673 1014 748 dare,
1049 693 1139 749 quam
1170 675 1259 736 nimis

239 765 457 838 immerenter,
486 763 575 822 nimis
606 762 816 821 contumeliose
845 766 876 822 et
903 763 1033 838 tupiter
1064 759 1067 843 l
1099 763 1136 823 de
1164 769 1260 826 matre

240 857 301 916 tua
326 852 482 929 scriptam,
512 869 578 910 eum
608 851 704 910 adhuc
731 851 764 909 in
795 852 858 912 eius
887 852 955 911 sinu
984 852 1108 929 alerere,
1136 853 1260 915 miseras

242 942 380 1004 clanculo
405 941 443 1000 ad
464 940 654 1016 Pontianum,
677 940 844 1000 scilicetne
866 940 958 1000 semel
974 959 1126 1017 peccasses
1144 960 1180 1001 cc
1196 946 1261 1004 tam

142 1033 358 1092 ..eoxsbonum
379 1033 467 1091 tuum
488 1029 601 1089 factum
624 1028 734 1089 obliuio
757 1032 930 1106 capesseret.
971 1030 1070 1106 miser,
1093 1050 1152 1090 non
1174 1032 1260 1092 intel-

213 1121 332 1200 elegis,
353 1118 460 1180 iccirco
482 1121 624 1196 patruum
645 1121 731 1178 tuum
754 1117 810 1177 hoc
831 1118 896 1177 fieri
917 1137 1048 1195 passum,
1075 1139 1134 1196 quo
1156 1139 1188 1181 se
1209 1121 1261 1181 ho·

243 1209 378 1271 minibus
401 1211 559 1286 purgaret,
587 1208 612 1268 si
636 1227 670 1267 ex
692 1208 803 1267 litteris
824 1208 886 1267 tuis
908 1212 1091 1285 noseorctn,
1116 1212 1148 1270 te
1170 1211 1261 1270 ctiam
1342 1262 1349 1274 ι

244 1300 331 1377 prins
355 1316 445 1374 quam
468 1298 506 1357 ad
529 1317 597 1356 eum
619 1296 853 1374 commigrasses,
876 1298 967 1356 etiam
985 1315 1052 1357 cum
1069 1299 1160 1358 matri
1178 1299 1261 1359 blan·

245 1390 359 1463 ditem,
397 1389 499 1446 tamn
533 1387 595 1445 iam
630 1388 696 1446 tum
732 1386 903 1462 uolpionem
939 1389 970 1445 et
999 1387 1126 1464 impium
1161 1389 1261 1449 fuisse.

201 1500 231 1542 ιο
246 1481 379 1539 ceterum
400 1493 513 1552 nequeo
535 1476 568 1533 in
599 1475 733 1534 animum
763 1475 916 1550 inducere,
945 1479 1010 1535 tam
1033 1477 1159 1538 stultum
1201 1477 1373 1539 LXXXVII

245 1566 450 1627 Aemilianum
482 1583 560 1640 esse,
591 1567 626 1623 ut
658 1562 834 1639 arbitretur,
865 1564 939 1622 mihi
970 1565 1087 1626 litteras
1118 1568 1204 1644 pueri
1233 1572 1264 1627 et

247 1655 382 1717 eiusdem
404 1654 584 1715 accusatoris
606 1653 666 1712 mei
688 1653 840 1713 offuturas.

315 1744 387 1802 Fuit
416 1745 447 1802 et
475 1743 530 1802 illa
559 1742 765 1802 commenticia
794 1741 924 1819 epistula
953 1761 1048 1819 neque
1077 1763 1144 1804 mea
1172 1763 1265 1805 manu

247 1834 361 1911 scripte
383 1851 479 1908 neque
508 1831 712 1891 uerisimiliter
741 1829 879 1907 conficta,
909 1850 970 1908 qua
998 1832 1094 1892 uideri
1122 1834 1264 1895 uolebant

204 1944 233 1987 rs
247 1921 404 1982 blanditiis
428 1941 446 1980 a
467 1940 515 1980 me
537 1920 691 1980 mulierem
709 1920 910 1980 sollicitatam.
947 1939 1000 1980 cur
1017 1940 1071 2000 ego
1089 1921 1264 1998 blandirem‚

249 2013 276 2074 si
299 2011 402 2089 magia
431 2007 632 2070 confidebam?
663 2028 722 2085 qus
752 2013 853 2069 autem
881 2010 933 2068 uia
962 2010 1001 2069 ad
1026 2012 1101 2071 istos
1128 2013 1265 2088 peruenit

250 2101 393 2180 epistula,
410 2099 449 2158 ad
461 2097 665 2158 Pudentillam
682 2098 798 2158 scilicet
813 2118 868 2175 per
880 2098 1012 2175 aliquem
1030 2099 1147 2160 fidelem
1163 2102 1265 2177 missa,

175 2207 236 2262 (are)
250 2194 287 2251 ut
308 2190 341 2248 in
363 2208 395 2249 re
416 2187 474 2248 tali
497 2189 632 2247 accurari
654 2185 749 2248 solet?
795 2206 847 2246 cur
876 2191 1030 2265 proeterea
1055 2192 1120 2249 tam
1146 2189 1264 2250 uitiosis

249 2279 366 2354 uerbis,
394 2281 458 2337 tam
485 2275 612 2336 barbaro
639 2295 773 2336 sermone
796 2296 850 2355 ego
873 2277 1047 2353 scriberem,
1076 2298 1164 2354 quem
1186 2279 1265 2338 idem

207 2391 237 2432 so
249 2370 354 2428 dicunt
371 2384 560 2443 nequaquam
583 2364 713 2426 Graecae
734 2366 855 2444 linguae
876 2365 1068 2442 imperitum?
1091 2386 1143 2427 cur
1166 2371 1266 2428 autern

248 2463 314 2519 tam
345 2455 482 2516 absurdis
512 2458 635 2531 tamque
665 2454 844 2515 tabernariis
876 2455 1030 2516 blanditiis
1062 2457 1267 2536 subigitarem‚

249 2566 340 2624 quem
361 2545 441 2605 idem
464 2545 549 2604 aiunt
569 2543 706 2604 uersibus
729 2543 883 2604 amatoriis
911 2546 985 2605 satis
1008 2546 1081 2606 scite
1107 2545 1265 2606 lasciuire?

250 2639 294 2697 sic
322 2637 369 2695 est
394 2633 536 2710 profecto,
562 2629 573 2713 ΙΙ
600 2632 694 2694 cuiuis
726 2634 828 2710 palam
860 2636 918 2694 est:
949 2635 998 2696 hic
1026 2637 1078 2712 qui
1104 2637 1265 2713 epistulam
1279 2652 1295 2692 r.
1309 2652 1374 2693 raso.

249 2724 441 2785 Pudentillae
470 2721 692 2783 Graecatiorem
720 2722 819 2801 legere
850 2742 910 2783 non
938 2727 1092 2801 potuerat,
1126 2724 1203 2785 hanc
1232 2729 1267 2784 ut
1424 2738 1425 2741 ’

210 2835 238 2880 aa
252 2805 339 2876 suam
361 2813 478 2872 facilius
501 2812 576 2892 legit
598 2814 629 2871 et
646 2810 746 2888 aptius
769 2813 996 2873 commendauit.

322 2901 380 2962 Sed
397 2902 460 2960 iam
477 2902 514 2961 de
533 2900 668 2978 epistulis
688 2901 761 2961 satis
780 2901 894 2961 dictum
911 2902 1035 2979 habebo,
1057 2903 1083 2963 si
1100 2903 1157 2963 hoc
1175 2923 1267 2962 unum

251 2992 407 3053 addidero:
425 2989 636 3065 Pudentillam,
655 2995 730 3066 q'uae
744 2990 903 3051 scribserat
916 2992 1164 3052 dissimulamenti
1177 3010 1267 3051 causa

326 3217 457 3284 leplam
475 3213 527 3283 Pp
600 3211 820 3267 tirreuerenter
836 3211 900 3281 Ἐφ’
977 3175 1090 3269 erid'F
1163 3212 1269 3268 oobli·

251 3287 301 3342 uio
321 3285 438 3342 Coeant.
457 3291 484 3340 et
500 3285 618 3356 Lipsius
635 3287 734 3355 optuto
751 3284 803 3354 Pp
823 3281 828 3353 l
850 3288 1011 3355 capesceret
1028 3285 1092 3355 Fp¹
1110 3288 1269 3355 capesseret

254 3364 290 3428 φ’
319 3357 325 3440 l
349 3355 493 3427 intellegis
511 3356 561 3426 Pp
648 3353 768 3411 ticcirc
787 3355 809 3408 P
827 3354 974 3426 idcircop
1003 3360 1008 3425 Ι
1038 3357 1105 3428 quo]
1125 3356 1200 3425 quod
1218 3357 1268 3425 Pp

254 3435 269 3484 7
284 3427 342 3483 fuat⁴
356 3427 378 3482 F
393 3427 451 3482 suis
466 3447 488 3498 φ
550 3432 566 3481 9
580 3425 742 3497 uolpionem
751 3427 801 3495 sp
863 3432 998 3496 loneqne
1011 3427 1061 3499 Fe
1076 3431 1187 3500 (rasura
1200 3445 1270 3497 quoe

252 3501 376 3572 secatur
393 3499 461 3554 iol*
480 3499 517 3554 ad
531 3500 690 3569 proximam
707 3498 872 3610 uocabclpm
883 3500 1011 3569 uncie)
1071 3504 1103 3553 11
1122 3498 1269 3554 litterasl*

254 3623 429 3696 12me1ijp
454 3621 541 3677 meF
569 3625 574 3692 Ι
604 3621 780 3704 offuturaell
806 3592 984 3694 diiuturasp
1068 3629 1109 3679 -13
1135 3627 1202 3693 epla
1219 3623 1269 3693 Pp

252 3698 327 3753 idern
346 3699 486 3764 17,23,26
560 3698 593 3748 15
611 3692 833 3764 blandireme
851 3693 1062 3751 blandirerKr.
1136 3699 1170 3750 18
1188 3711 1270 3750 accu-

253 3821 312 3877 rari
331 3821 411 3877 Hild.
431 3817 557 3874 accusari
575 3818 624 3888 Pp
707 3823 739 3872 19
759 3825 784 3874 et
802 3824 836 3873 22
855 3817 931 3873 idem
948 3819 999 3889 Pp
1075 3825 1109 3875 27
1128 3779 1272 3876 smoeeili

254 3894 277 3950 F
297 3897 375 3966 (corr.
394 3909 429 3946 m.
447 3893 493 3946 cel
510 3889 529 3946 l.
548 3890 719 3961 estquidam
738 3890 864 3961 aretque)
883 3890 1035 3962 scripserat
1053 3910 1074 3963 φ
