3125 4617
316 508 379 573 102
593 509 622 562 L.
642 506 776 562 APVLEI
794 506 1055 562 MADAVRENSIS

207 618 223 660 r.
240 619 300 661 ruo.
314 619 330 658 r.
344 618 393 659 rou.
1274 616 1316 657 nu
1330 602 1411 683 mee-i

206 678 357 739 LXXXIV
423 676 472 736 Ad
499 677 616 737 litteras
643 676 833 736 Pudentillae
859 678 1060 752 prouooastisz
1092 677 1204 737 litteris
1232 678 1329 752 niueo,
1410 692 1411 707 ¹

313 785 440 844 quarum
462 767 488 827 si
511 767 603 826 uultis
626 768 790 826 extremam
813 784 932 842 quoque
951 767 1117 826 clausulam
1133 767 1250 841 audire,
1271 786 1330 826 non

313 855 461 916 inuidebo.
506 855 554 914 dio
576 859 620 931 tu,
647 855 755 931 quibus
780 854 880 915 uerbis
903 856 1064 931 epistulam
1085 855 1199 916 finierit
1221 857 1331 917 mulier

314 946 483 1020 obeantata‚
506 963 617 1019 uecors,
640 963 751 1020 amens,
774 962 887 1003 amans.

376 1029 452 1114 Ἐγὼ
476 1029 543 1094 οὔτε
566 1032 749 1113 μεμάγευμαι
771 1025 835 1092 οὔτ’
850 1030 907 1113 ἐρῶ
923 1030 985 1109 1τὴν
1008 1029 1190 1113 εἱμαρμένην
1214 1030 1284 1111 too.
1354 1053 1366 1093 s

379 1124 519 1183 Etiamne
541 1120 690 1199 amplius?
719 1123 864 1182 reolamat
890 1121 975 1182 uobis
998 1122 1173 1182 Pudentilla
1195 1126 1227 1183 et
1250 1125 1329 1183 saui-
1342 1137 1392 1189 (seo)

312 1216 407 1273 tatem
437 1231 522 1272 suam
545 1229 563 1270 a
590 1212 698 1270 uestris
728 1212 884 1270 calumniis
914 1211 1044 1287 quodam
1073 1213 1234 1288 praeconio
1264 1214 1330 1271 uin·

313 1303 402 1362 (licat.
456 1299 586 1360 nubendi
622 1302 722 1359 autem
758 1319 812 1360 seu
846 1302 994 1360 rationem
1029 1319 1083 1360 seu
1121 1302 1330 1362 nenessitatem

312 1392 376 1449 fato
405 1385 410 1468 1
438 1388 594 1464 adscribit,
626 1408 645 1448 a
672 1408 731 1465 quo
762 1390 892 1448 multum
921 1391 1024 1466 magia
1054 1392 1172 1450 remota
1204 1393 1252 1451 est
1282 1391 1331 1450 uel

312 1479 413 1556 potius
436 1480 555 1539 omnino
579 1477 707 1538 sublata.
745 1497 823 1555 quae
847 1480 926 1538 euim
948 1479 1129 1555 relinquitur
1150 1481 1198 1538 uis
1228 1483 1329 1544 eanta-
1342 1499 1368 1538 ro

312 1568 442 1628 minibus
465 1571 496 1627 et
517 1567 676 1642 uenefioiis‚
697 1569 724 1626 si
745 1569 844 1626 fetum
865 1569 910 1626 rei
932 1569 1074 1644 cuiusque
1096 1568 1193 1628 ueluti
1217 1569 1329 1628 uiolen-

313 1658 446 1717 tissimus
478 1660 594 1717 torreus
633 1674 729 1732 neque
764 1658 890 1716 retineri
924 1659 1025 1733 potest
1060 1676 1156 1733 neque
1192 1655 1328 1735 impelli?

313 1748 407 1824 igitur
429 1746 484 1806 heo
507 1747 655 1806 sententia
678 1765 734 1806 sua
755 1745 929 1806 Pudentilla
945 1765 1007 1806 non
1024 1747 1112 1806 modo
1129 1765 1178 1806 me
1195 1766 1329 1825 magum,

314 1836 365 1896 sed
388 1837 508 1896 omniuo
536 1854 598 1896 esse
627 1836 760 1913 magiam
789 1837 921 1913 negauit.
965 1835 1055 1910 bene,
1086 1835 1165 1912 quod
1194 1837 1329 1914 integras
1413 1892 1414 1935 1

314 1926 456 2002 epistolas
474 1927 580 1984 matris
598 1924 763 1984 Pontianus
782 1944 817 1984 ex
834 1943 917 1984 more
935 1924 1121 1984 adseruauit:
1143 1925 1228 2000 bene,
1252 1925 1330 2001 quod
1343 1942 1367 1983 u

314 2033 368 2075 uos
391 2016 545 2075 festinatio
572 2014 676 2073 iudicii
703 2015 881 2090 auteuortit,
909 2031 948 2072 ne
977 2013 1050 2089 quid
1072 2014 1196 2073 inistis
1218 2015 1329 2074 litteris

315 2123 349 2164 ex
382 2106 443 2163 otio
474 2105 634 2162 nouaretis.
679 2105 765 2162 tuum
797 2102 867 2178 hoe,
896 2102 1041 2178 Maxime,
1070 2105 1200 2178 tuaeque
1230 2104 1329 2178 proui·

314 2193 432 2252 dentiae
454 2191 629 2251 benefioium
651 2194 705 2266 est,
728 2191 808 2267 quod
826 2209 844 2250 a
862 2193 1009 2268 principio
1027 2192 1195 2251 intellectas
1219 2193 1329 2252 oalum-

314 2284 392 2358 nias,
422 2300 459 2341 ne
490 2281 750 2340 corroborarentur
779 2283 925 2358 tempore,
953 2282 1161 2358 praeeipitasti
1189 2283 1221 2340 et
1248 2281 1330 2340 nulla
1414 2332 1415 2351 ,

313 2372 468 2447 impertita
494 2389 578 2430 mora
605 2368 803 2430 subueruasti.
848 2369 926 2447 finge
952 2389 1032 2430 nuno
1060 2369 1174 2445 aliquid
1200 2362 1415 2435 mosomense*

314 2459 377 2518 filio
408 2461 543 2535 seeretis,
578 2462 622 2518 ute'
654 2459 776 2534 adsolet,
811 2459 922 2519 litteris
954 2459 991 2517 de
1024 2477 1123 2520 amore
1155 2460 1329 2519 eonfesaam.
1342 2479 1367 2518 u

314 2548 418 2606 hocine
441 2567 545 2607 uerum
566 2549 634 2623 fuit,
655 2547 770 2624 Rufino,
793 2547 848 2608 hoo
871 2566 931 2608 non
953 2548 1019 2607 dieo
1040 2549 1126 2624 pium
1147 2549 1201 2608 sed
1223 2549 1331 2608 saltem

314 2637 486 2712 humanum,
509 2638 683 2715 prouulgari
705 2655 755 2696 eas
777 2637 895 2698 litteras
918 2640 949 2696 et
971 2637 1160 2714 potissimum
1181 2637 1228 2695 fili
1246 2656 1330 2714 prae-

387 2830 403 2878 3
423 2823 457 2878 ef.
476 2823 568 2878 Plaut.
588 2823 671 2880 Mero.
691 2829 734 2880 82.

388 3001 532 3057 llitteras
551 3001 600 3070 Ρφ
618 3001 763 3056 litterieF
843 3002 998 3073 aepla³F
1036 3004 1132 3058 tero
1151 3004 1220 3070 oy?
1221 3004 1240 3058 Ε
1260 3019 1331 3070 μεμα

318 3075 419 3130 ΓΕΙΜαΙ
450 3075 610 3130 omero]
642 3072 900 3142 Thueuoopoevhu
929 3092 991 3143 εκφ.
1028 3074 1050 3127 F
1073 3075 1194 3128 insulse
1208 3076 1332 3147 pauisse

316 3147 408 3201 eadem
426 3163 512 3201 mareu
529 3146 638 3213 reserati,
656 3163 726 3216 quoe
743 3147 775 3199 e'o
789 3163 855 3217 pay.
872 3151 922 3199 101
941 3161 1006 3200 eone
1032 3147 1037 3158 '
1107 3151 1159 3201 est:
1185 3143 1249 3199 ἐΓὼ
1268 3145 1331 3201 οὔτε

316 3217 504 3344 μὲμάγευμαι,
529 3214 596 3272 oilve
621 3221 705 3306 elion
728 3216 780 3341 τέν
804 3215 975 3285 εἱμαρμένην
1002 3238 1062 3301 Ικφ.
1087 3248 1120 3257 -
1144 3216 1208 3341 stlta
1226 3215 1257 3286 γ’
1279 3216 1331 3285 ἐρῶ

318 3288 727 3416 aiibffaiiltif‘limi
746 3287 1158 3429 lefflrt‘llttzltt
1184 3308 1232 3358 ²⁰⁰·
1248 3288 1332 3413 iii

317 3430 492 3502 lumpniisqr
565 3437 598 3485 15
618 3429 752 3500 epistolas
771 3428 821 3498 For
842 3433 846 3499 Ι
872 3429 1036 3484 adseruabit
1053 3430 1102 3499 Εφ
1176 3435 1209 3484 16
1228 3429 1332 3485 litteris

317 3502 366 3573 Ρφ
458 3508 491 3556 18
511 3502 726 3572 calumpniaso
818 3506 851 3554 19
870 3499 962 3553 nulla³
980 3499 1107 3573 imptital
1126 3500 1215 3555 oral*
1238 3500 1332 3555 nulla³

317 3575 608 3697 impertitamffhiii'o
633 3629 637 3695 Ι
663 3623 853 3679 subueruiesti
871 3623 920 3693 Po
1002 3631 1035 3678 21
1054 3627 1140 3682 anta
1157 3625 1201 3678 uti
1220 3625 1333 3680 adsolet

318 3715 387 3766 quoe
405 3701 437 3752 in
455 3697 514 3751 odd.
530 3705 595 3766 post
612 3711 706 3750 amore
725 3699 862 3806 loqueram,
879 3698 1039 3765 transposui
1052 3704 1116 3766 poet
1134 3696 1264 3766 seoretis3
1289 3711 1333 3751 as·

319 3817 391 3872 soler
409 3837 430 3886 φ
446 3821 451 3886 ι
467 3818 570 3872 luero
589 3817 610 3870 r
683 3823 716 3870 ro
735 3790 872 3870 sotter
890 3817 1007 3872 heroine
1116 3826 1150 3874 oa
1168 3819 1335 3891 prouulgari

318 3887 367 3955 Fe
386 3887 558 3956 promulgari
577 3886 707 3956 Kr.lfili
725 3886 774 3954 For
793 3888 828 3953 ef.
848 3892 890 3939 93.
902 3891 927 3953 3,
946 3893 997 3942 662
1017 3841 1047 3943 g.
1067 3907 1094 3958 p.
1115 3896 1157 3946 86.
1169 3897 1202 3946 12
1220 3891 1272 3948 Xr.
