3125 4617
665 494 824 548 11011101
1183 500 1247 564 163

144 606 156 644 l.
175 603 287 645 Oudend.
1171 608 1186 648 f.
1201 610 1227 649 18
1275 608 1292 650 f.
1333 621 1353 649 a.

231 662 409 721 hirundines
428 664 596 739 perarguto.
634 662 782 721 sedenim
804 663 974 740 philosophi
996 665 1074 724 ratio
1098 670 1128 726 ot
1151 611 1261 727 oratit&
1307 611 1331 651 ⁷6

231 756 368 828 tempore
391 751 469 828 iugis
493 753 537 809 est
560 753 590 809 et
613 750 718 810 auditu
741 752 919 812 uenerabilis
943 756 972 812 et
990 754 1144 814 intellectu
1162 758 1246 816 utilis

233 844 264 900 et
286 840 375 899 modo
400 839 562 899 omnioana.

300 1018 353 1053 *²³
372 1017 388 1053 *
406 1017 488 1075 Haeo
511 1019 600 1093 atque
623 1017 679 1076 hoo
701 1037 794 1094 genus
818 1018 878 1076 alia
904 1021 1016 1095 partim
1039 1039 1106 1079 oum
1129 1023 1245 1082 audiret
1262 1023 1335 1082 XIV

204 1128 250 1168 aa
273 1107 408 1184 Diogene
433 1105 546 1180 Grates,
575 1106 648 1165 alias
676 1107 740 1182 ipse
763 1107 882 1166 sibimet
909 1112 1091 1186 suggereret,
1119 1111 1245 1187 denique

168 1211 216 1262 (41)
230 1197 264 1254 in
286 1196 385 1255 forum
411 1195 508 1269 exilit,
539 1215 602 1254 rem
633 1195 811 1254 familiarem
844 1197 933 1256 abicit
961 1198 1044 1257 uelut
1071 1218 1144 1259 onus
1172 1203 1244 1260 ster·

231 1285 308 1344 coris
331 1285 427 1360 magis
450 1283 545 1342 labori
568 1303 658 1359 quam
679 1285 755 1343 usui.
793 1285 862 1344 dein
883 1289 967 1345 coetu
984 1287 1064 1346 faoto
1082 1289 1245 1349 maximum

148 1390 221 1430 rem.
232 1375 394 1432 exclamat:
416 1367 552 1448 <Grates',
570 1373 678 1448 inquit,
697 1368 813 1433 ‘Grates
830 1377 861 1433 te
879 1395 970 1434 manu
988 1372 1103 1436 mittit'
1140 1379 1243 1437 exinde

230 1483 291 1522 uon
314 1462 402 1522 modo
432 1462 525 1537 solus,
554 1481 658 1520 uorum
687 1462 783 1521 nudus
807 1466 837 1521 et
865 1462 942 1522 liber
971 1465 1115 1540 omnium,
1146 1469 1243 1542 quoad

190 1574 216 1613 10
230 1552 317 1625 uixit,
340 1551 426 1610 beate
449 1551 533 1609 uixit.
580 1551 710 1626 adeoque
735 1552 798 1610 eius
821 1552 1003 1628 cupiebatur,
1026 1557 1061 1612 ut
1083 1554 1168 1632 uirgo
1191 1576 1242 1615 no-

228 1641 310 1716 bilis,
333 1640 440 1715 spretis
463 1639 628 1699 iunioribus
652 1658 686 1698 ao
709 1639 866 1700 ditioribus
888 1643 995 1717 procis,
1018 1643 1154 1702 ultroneo
1176 1665 1244 1704 eum

230 1728 286 1788 sibi
318 1728 477 1804 optauerit.
522 1747 647 1804 eumque
676 1729 920 1805 intersoapulium
950 1730 1050 1790 Grates
1080 1733 1242 1809 retexisset,

172 1837 217 1884 (40)
233 1817 315 1894 quod
338 1821 401 1876 erat
425 1819 530 1876 auctos
552 1817 678 1894 gibbere,
701 1809 871 1900 peramlque
898 1837 964 1877 oum
991 1819 1097 1879 baoulo
1125 1824 1155 1878 et
1176 1823 1241 1896 pal-

229 1908 306 1965 lium
336 1907 419 1964 humi
455 1906 615 1983 posuisset,
655 1926 777 1983 eamque
815 1909 1049 1983 suppellectilem
1085 1908 1142 1968 sibi
1179 1929 1241 1969 esse

190 2020 214 2060 15
228 1997 348 2073 puellae
367 1995 556 2071 profiteretur
573 2015 696 2071 eamque
713 1996 841 2054 formam
859 2016 949 2071 quam
967 1997 1095 2056 uiderat:
1118 1999 1242 2075 proinde

229 2085 332 2145 sedulo
356 2086 534 2160 consuleret,
563 2104 600 2143 ne
629 2086 697 2161 post
720 2085 875 2160 querulam
902 2104 967 2144 eam
991 2089 1120 2161 caperet,
1150 2088 1241 2146 enim-

228 2193 301 2233 uero
325 2173 495 2249 Hipparche
519 2173 719 2232 condicionem
743 2174 860 2250 accipit,
882 2174 943 2232 iam
966 2174 1077 2233 dudum
1099 2175 1156 2234 sibi
1173 2197 1240 2251 pro·
1264 2170 1268 2178 ⁸

228 2263 328 2322 uisum
352 2263 424 2322 satis
448 2265 477 2324 et
500 2263 572 2322 satis
597 2264 763 2321 consultum
785 2263 954 2338 respondet,
981 2283 1076 2339 neque
1104 2264 1240 2324 ditiorem

228 2353 372 2411 maritum
401 2371 497 2426 neque
526 2352 751 2411 formonsiorem
780 2353 897 2428 uspiam
928 2353 1061 2429 gentium
1088 2372 1173 2428 posse
1195 2354 1240 2411 in·

302 2526 318 2574 a
337 2520 477 2591 Apologia
497 2538 518 2575 c.
539 2527 572 2574 22
591 2539 618 2590 p.
634 2526 676 2576 eo.
688 2526 713 2587 s,
732 2525 784 2573 140
804 2519 844 2587 0.,
862 2539 889 2590 p.
910 2521 1044 2574 304111.

302 2663 449 2732 211101οφ
531 2668 547 2715 3
574 2662 657 2716 modo
686 2662 845 2732 omnioana]
868 2680 935 2716 uam
959 2663 1026 2730 fait:
1054 2663 1137 2717 modo
1165 2665 1241 2717 omni

229 2741 352 2788 canora?
442 2739 459 2786 4
482 2735 513 2788 io
536 2734 557 2787 F
580 2751 614 2787 m.
633 2751 656 2788 r.
680 2734 712 2786 iii
733 2751 785 2804 mg.
808 2734 929 2802 seripsit:
961 2733 1008 2787 hie
1034 2735 1127 2787 minue
1153 2734 1242 2789 habet

228 2806 330 2860 folium
356 2823 444 2858 unum
534 2810 549 2856 6
578 2804 706 2858 stercoris
731 2805 781 2873 Fp
809 2804 928 2873 tergoris
956 2805 1008 2858 Kr.
1032 2821 1093 2859 oum.
1120 2807 1240 2861 Wowero

230 2883 245 2930 7
266 2876 370 2949 0011111Ἰ
390 2879 454 2930 cetu
473 2897 494 2946 φ
571 2880 587 2928 8
607 2873 845 2929 Crates—Crates
868 2878 898 2929 te
915 2892 1001 2929 manu
1018 2877 1108 2930 mittit
1134 2878 1240 2945 scripsi,

224 2955 315 3018 potest
332 2948 414 3002 etiem
432 2949 517 3013 foisse
534 2963 620 3000 manu
638 2947 733 3015 mitto,
753 2944 990 3001 Crates-Crates
1012 2949 1041 3001 te
1059 2948 1240 3001 manumittes

227 3020 276 3089 Pp
297 3018 540 3074 Crates-Cratem
552 3017 728 3071 manumittit
741 3018 896 3073 Serioeriue
912 3016 1185 3073 Crates-Cratetem
1202 3036 1239 3071 m.

227 3109 264 3144 m.
276 3091 383 3158 Redde3
403 3089 478 3143 eolus
493 3091 527 3155 ef.
538 3088 619 3158 Apol.
629 3108 656 3158 p.
668 3094 710 3142 30.
723 3095 755 3142 17
772 3088 885 3157 „multis
909 3089 996 3142 seruis
1011 3104 1102 3142 aseae
1124 3088 1240 3142 remotis

228 3161 372 3216 solitatem
391 3161 514 3230 delegit“
589 3165 621 3213 10
640 3162 672 3213 iu
689 3160 711 3213 F
729 3178 763 3214 m.
784 3167 800 3212 2
820 3166 883 3227 poet
906 3159 1071 3228 cupiebatur
1094 3160 1157 3213 add.
1176 3159 1239 3212 uita

229 3239 261 3286 11
289 3232 418 3286 ultronea
444 3249 508 3286 eum
526 3232 607 3287 Hiid.
630 3231 791 3285 ultroneum
808 3231 857 3298 Pp
950 3236 981 3282 12
1008 3229 1239 3298 interscapulium

227 3305 353 3358 Hildebr.
372 3303 446 3357 inter
465 3302 611 3372 soapulum
628 3302 681 3372 Fe>
704 3300 928 3370 interscapilium
946 3301 997 3354 Kr.
1024 3318 1086 3355 cam
1111 3300 1210 3371 Scalip.
1232 3300 1236 3372 1

227 3377 323 3445 grates
342 3374 392 3444 sp
475 3380 507 3428 13
528 3377 627 3428 auctus
645 3375 744 3443 scripsi
762 3375 845 3426 aucto
863 3372 912 3440 Fp
942 3373 946 3441 Ι
975 3371 1118 3441 p,i,lleum
1135 3372 1157 3423 F
1176 3371 1238 3440 pal-

227 3447 337 3515 liump
404 3451 436 3498 14
454 3445 543 3517 humi]
575 3444 640 3516 uie,
659 3445 681 3497 F
700 3446 741 3516 (io
758 3446 824 3513 ras.)
850 3446 854 3512 Ι
879 3442 1071 3512 possuissetF
1096 3445 1100 3511 Ι
1126 3441 1238 3510 suppel-

227 3516 391 3572 lectileml'
420 3479 624 3586 supellectilem
646 3516 698 3569 Kr.
791 3520 823 3568 16
849 3529 884 3566 ne
911 3515 976 3582 post
1003 3513 1149 3580 querulam
1177 3529 1238 3566 eam

228 3591 341 3658 caperet
372 3588 470 3657 scripsi
502 3588 617 3655 querela
646 3589 678 3640 eei
706 3586 755 3655 Frp
783 3585 897 3653 querela
925 3599 987 3637 eam
1010 3585 1061 3638 Kr.
1086 3602 1146 3638 eum
1164 3585 1237 3638 Aldo

230 3659 361 3729 querelae
386 3675 499 3713 oausam
520 3659 590 3713 Colo.
615 3656 746 3726 querelae
770 3672 869 3710 ausam
889 3655 958 3710 Oud.
1051 3660 1083 3708 17
1102 3656 1237 3724 ipareep

229 3736 262 3785 18
281 3731 432 3801 respondet
451 3731 503 3785 Kr.
523 3729 668 3799 respondit
686 3730 734 3798 Pp
755 3728 836 3799 (idem
854 3728 982 3782 meadum
995 3727 1096 3781 obtinet
1109 3727 1174 3780 Met.
1190 3727 1237 3793 Il,

227 3818 254 3873 p.
271 3808 295 3856 2.
307 3803 333 3871 3)
407 3807 440 3854 19
458 3801 641 3855 formonsioro
659 3801 680 3854 F
697 3809 700 3866 l
716 3799 828 3869 uspiam
846 3798 974 3868 gentium
990 3799 1022 3852 io
1041 3819 1062 3867 φ
1082 3815 1138 3852 riori
1156 3804 1237 3866 extat,

228 3875 292 3929 add.
312 3875 344 3928 ia
362 3892 413 3945 mg.
433 3891 466 3927 m.
486 3891 508 3926 r.
529 3872 655 3941 cuspiam
673 3871 801 3941 gentium

1011 3959 1063 4012 11*
