<?xml version="1.0" encoding="UTF-8"?>
<!DOCTYPE html PUBLIC "-//W3C//DTD XHTML 1.0 Transitional//EN"
    "http://www.w3.org/TR/xhtml1/DTD/xhtml1-transitional.dtd">
<html xmlns="http://www.w3.org/1999/xhtml" xml:lang="en" lang="en">
 <head>
  <title>
</title>
<meta http-equiv="Content-Type" content="text/html;charset=utf-8" />
  <meta name='ocr-system' content='tesseract 3.04.00' />
  <meta name='ocr-capabilities' content='ocr_page ocr_carea ocr_par ocr_line ocrx_word'/>
</head>
<body>
  <div class='ocr_page' id='page_1' title='image "./lveiiapvleimada00apulgoog_0090.png"; bbox 0 0 3125 4617; ppageno 0'>
   <div class='ocr_carea' id='block_1_1' title="bbox 323 471 1055 566">
    <p class='ocr_par' dir='ltr' id='par_1_1' title="bbox 323 471 1055 566">
     <span class='ocr_line' id='line_1_1' title="bbox 323 471 1055 566; baseline 0.001 -12"><span class='ocrx_word' id='word_1_1' title='bbox 323 503 365 566; x_wconf 83' lang='lat'>68</span> <span class='ocrx_word' id='word_1_2' title='bbox 598 504 626 554; x_wconf 82' lang='lat' dir='ltr'>u.</span> <span class='ocrx_word' id='word_1_3' title='bbox 646 500 777 554; x_wconf 78' lang='lat' dir='ltr'>sevum</span> <span class='ocrx_word' id='word_1_4' title='bbox 797 471 1055 556; x_wconf 79' lang='lat' dir='ltr'>ususvesusre</span> 
     </span>
    </p>
   </div>
   <div class='ocr_carea' id='block_1_2' title="bbox 215 609 1412 746">
    <p class='ocr_par' dir='ltr' id='par_1_2' title="bbox 215 609 1412 746">
     <span class='ocr_line' id='line_1_2' title="bbox 215 609 1412 652; baseline -0.002 -2"><span class='ocrx_word' id='word_1_5' title='bbox 215 613 231 652; x_wconf 82' lang='lat' dir='ltr'>f.</span> <span class='ocrx_word' id='word_1_6' title='bbox 248 613 308 652; x_wconf 81' lang='lat' dir='ltr'>115b.</span> <span class='ocrx_word' id='word_1_7' title='bbox 323 611 338 649; x_wconf 78' lang='lat' dir='ltr'>f.</span> <span class='ocrx_word' id='word_1_8' title='bbox 354 613 400 651; x_wconf 79' lang='lat' dir='ltr'>lla.</span> <span class='ocrx_word' id='word_1_9' title='bbox 1282 610 1322 650; x_wconf 74' lang='lat' dir='ltr'>nd.</span> <span class='ocrx_word' id='word_1_10' title='bbox 1336 609 1412 650; x_wconf 71' lang='lat' dir='ltr'>Onnes</span> 
     </span>
     <span class='ocr_line' id='line_1_3' title="bbox 326 667 1333 746; baseline -0.002 -16"><span class='ocrx_word' id='word_1_11' title='bbox 326 671 488 745; x_wconf 76' lang='lat' dir='ltr'>clauderet,</span> <span class='ocrx_word' id='word_1_12' title='bbox 519 689 606 746; x_wconf 88' lang='lat' dir='ltr'>saepe</span> <span class='ocrx_word' id='word_1_13' title='bbox 633 667 799 742; x_wconf 91' lang='lat' dir='ltr'>nobiscum,</span> <span class='ocrx_word' id='word_1_14' title='bbox 830 669 923 728; x_wconf 87' lang='lat' dir='ltr'>multo</span> <span class='ocrx_word' id='word_1_15' title='bbox 951 671 1069 745; x_wconf 90' lang='lat' dir='ltr'>saepius</span> <span class='ocrx_word' id='word_1_16' title='bbox 1092 669 1171 728; x_wconf 89' lang='lat' dir='ltr'>solus</span> <span class='ocrx_word' id='word_1_17' title='bbox 1199 671 1333 745; x_wconf 75' lang='lat' dir='ltr'>intraret,</span> 
     </span>
    </p>
   </div>
   <div class='ocr_carea' id='block_1_3' title="bbox 162 759 1417 2874">
    <p class='ocr_par' dir='ltr' id='par_1_3' title="bbox 162 759 1417 2874">
     <span class='ocr_line' id='line_1_4' title="bbox 326 759 1334 834; baseline -0.001 -16"><span class='ocrx_word' id='word_1_18' title='bbox 326 761 451 818; x_wconf 87' lang='lat' dir='ltr'>linteum</span> <span class='ocrx_word' id='word_1_19' title='bbox 473 761 504 816; x_wconf 93' lang='lat' dir='ltr'>in</span> <span class='ocrx_word' id='word_1_20' title='bbox 527 777 629 818; x_wconf 83' lang='lat' dir='ltr'>mensa</span> <span class='ocrx_word' id='word_1_21' title='bbox 647 759 777 834; x_wconf 89' lang='lat' dir='ltr'>positum</span> <span class='ocrx_word' id='word_1_22' title='bbox 802 759 934 816; x_wconf 88' lang='lat' dir='ltr'>cerneret</span> <span class='ocrx_word' id='word_1_23' title='bbox 955 760 1019 816; x_wconf 91' lang='lat' dir='ltr'>sine</span> <span class='ocrx_word' id='word_1_24' title='bbox 1041 759 1104 816; x_wconf 94' lang='lat' dir='ltr'>ullo</span> <span class='ocrx_word' id='word_1_25' title='bbox 1127 759 1245 834; x_wconf 80' lang='lat' dir='ltr'>sigillo,</span> <span class='ocrx_word' id='word_1_26' title='bbox 1274 760 1334 818; x_wconf 89' lang='lat' dir='ltr'>sine</span> 
     </span>
     <span class='ocr_line' id='line_1_5' title="bbox 326 844 1335 924; baseline -0.001 -16"><span class='ocrx_word' id='word_1_27' title='bbox 326 849 455 908; x_wconf 90' lang='lat' dir='ltr'>uinculo.</span> <span class='ocrx_word' id='word_1_28' title='bbox 503 849 606 924; x_wconf 90' lang='lat' dir='ltr'>quidni</span> <span class='ocrx_word' id='word_1_29' title='bbox 630 844 728 906; x_wconf 81' lang='lat' dir='ltr'>enim?</span> <span class='ocrx_word' id='word_1_30' title='bbox 759 847 893 922; x_wconf 77' lang='lat' dir='ltr'>magicae</span> <span class='ocrx_word' id='word_1_31' title='bbox 916 865 963 904; x_wconf 91' lang='lat' dir='ltr'>res</span> <span class='ocrx_word' id='word_1_32' title='bbox 985 848 1018 904; x_wconf 91' lang='lat' dir='ltr'>in</span> <span class='ocrx_word' id='word_1_33' title='bbox 1040 864 1075 905; x_wconf 92' lang='lat' dir='ltr'>eo</span> <span class='ocrx_word' id='word_1_34' title='bbox 1094 846 1335 907; x_wconf 75' lang='lat' dir='ltr'>occultabantur:</span> 
     </span>
     <span class='ocr_line' id='line_1_6' title="bbox 326 934 1396 1015; baseline -0.006 -19"><span class='ocrx_word' id='word_1_35' title='bbox 326 957 361 998; x_wconf 90' lang='lat' dir='ltr'>eo</span> <span class='ocrx_word' id='word_1_36' title='bbox 384 938 589 1015; x_wconf 81' lang='lat' dir='ltr'>neglegentius</span> <span class='ocrx_word' id='word_1_37' title='bbox 609 934 804 994; x_wconf 84' lang='lat' dir='ltr'>adseruabam</span> <span class='ocrx_word' id='word_1_38' title='bbox 821 935 873 993; x_wconf 90' lang='lat' dir='ltr'>sed</span> <span class='ocrx_word' id='word_1_39' title='bbox 891 953 958 994; x_wconf 87' lang='lat' dir='ltr'>eum</span> <span class='ocrx_word' id='word_1_40' title='bbox 975 935 1067 993; x_wconf 90' lang='lat' dir='ltr'>libere</span> <span class='ocrx_word' id='word_1_41' title='bbox 1090 935 1285 995; x_wconf 83' lang='lat' dir='ltr'>scrutandum</span> <span class='ocrx_word' id='word_1_42' title='bbox 1307 940 1396 1002; x_wconf 76' lang='lat' dir='ltr'>etum</span> 
     </span>
     <span class='ocr_line' id='line_1_7' title="bbox 326 1023 1371 1103; baseline -0.002 -16"><span class='ocrx_word' id='word_1_43' title='bbox 326 1026 554 1103; x_wconf 89' lang='lat' dir='ltr'>inspiciendum,</span> <span class='ocrx_word' id='word_1_44' title='bbox 587 1025 611 1084; x_wconf 87' lang='lat' dir='ltr'>si</span> <span class='ocrx_word' id='word_1_45' title='bbox 643 1023 761 1097; x_wconf 89' lang='lat' dir='ltr'>liberet,</span> <span class='ocrx_word' id='word_1_46' title='bbox 798 1025 889 1082; x_wconf 85' lang='lat' dir='ltr'>etiam</span> <span class='ocrx_word' id='word_1_47' title='bbox 920 1024 1113 1082; x_wconf 87' lang='lat' dir='ltr'>auferendum</span> <span class='ocrx_word' id='word_1_48' title='bbox 1144 1027 1256 1084; x_wconf 87' lang='lat' dir='ltr'>temere</span> <span class='ocrx_word' id='word_1_49' title='bbox 1290 1044 1334 1084; x_wconf 87' lang='lat' dir='ltr'>ex·</span> <span class='ocrx_word' id='word_1_50' title='bbox 1359 1046 1371 1085; x_wconf 83' lang='lat' dir='ltr'>s</span> 
     </span>
     <span class='ocr_line' id='line_1_8' title="bbox 325 1111 1335 1192; baseline -0.002 -17"><span class='ocrx_word' id='word_1_51' title='bbox 325 1116 479 1192; x_wconf 82' lang='lat' dir='ltr'>ponebam,</span> <span class='ocrx_word' id='word_1_52' title='bbox 502 1114 616 1172; x_wconf 84' lang='lat' dir='ltr'>alienae</span> <span class='ocrx_word' id='word_1_53' title='bbox 639 1111 791 1172; x_wconf 77' lang='lat' dir='ltr'>custodiae</span> <span class='ocrx_word' id='word_1_54' title='bbox 805 1112 1064 1188; x_wconf 82' lang='lat' dir='ltr'>commendabam,</span> <span class='ocrx_word' id='word_1_55' title='bbox 1087 1114 1185 1173; x_wconf 90' lang='lat' dir='ltr'>alieno</span> <span class='ocrx_word' id='word_1_56' title='bbox 1209 1113 1335 1173; x_wconf 86' lang='lat' dir='ltr'>arbitrio</span> 
     </span>
     <span class='ocr_line' id='line_1_9' title="bbox 325 1201 1413 1280; baseline -0.001 -18"><span class='ocrx_word' id='word_1_57' title='bbox 325 1203 542 1280; x_wconf 87' lang='lat' dir='ltr'>permittebam.</span> <span class='ocrx_word' id='word_1_58' title='bbox 589 1201 660 1277; x_wconf 92' lang='lat' dir='ltr'>quid</span> <span class='ocrx_word' id='word_1_59' title='bbox 683 1202 776 1278; x_wconf 81' lang='lat' dir='ltr'>igitur</span> <span class='ocrx_word' id='word_1_60' title='bbox 798 1202 1075 1277; x_wconf 79' lang='lat' dir='ltr'>impraesentiarum</span> <span class='ocrx_word' id='word_1_61' title='bbox 1092 1203 1139 1261; x_wconf 89' lang='lat' dir='ltr'>uis</span> <span class='ocrx_word' id='word_1_62' title='bbox 1157 1201 1216 1260; x_wconf 88' lang='lat' dir='ltr'>tibi</span> <span class='ocrx_word' id='word_1_63' title='bbox 1235 1202 1335 1262; x_wconf 77' lang='lat' dir='ltr'>credi?</span> <span class='ocrx_word' id='word_1_64' title='bbox 1412 1230 1413 1237; x_wconf 45' lang='lat'>¹</span> 
     </span>
     <span class='ocr_line' id='line_1_10' title="bbox 327 1289 1336 1368; baseline -0.001 -18"><span class='ocrx_word' id='word_1_65' title='bbox 327 1292 443 1368; x_wconf 92' lang='lat' dir='ltr'>quodne</span> <span class='ocrx_word' id='word_1_66' title='bbox 465 1290 630 1350; x_wconf 83' lang='lat' dir='ltr'>Pontianus</span> <span class='ocrx_word' id='word_1_67' title='bbox 653 1289 792 1348; x_wconf 83' lang='lat' dir='ltr'>nescierit</span> <span class='ocrx_word' id='word_1_68' title='bbox 815 1291 867 1365; x_wconf 92' lang='lat' dir='ltr'>qui</span> <span class='ocrx_word' id='word_1_69' title='bbox 888 1290 1044 1349; x_wconf 90' lang='lat' dir='ltr'>indiuiduo</span> <span class='ocrx_word' id='word_1_70' title='bbox 1063 1290 1259 1350; x_wconf 87' lang='lat' dir='ltr'>contubernio</span> <span class='ocrx_word' id='word_1_71' title='bbox 1277 1311 1336 1350; x_wconf 93' lang='lat' dir='ltr'>me-</span> 
     </span>
     <span class='ocr_line' id='line_1_11' title="bbox 327 1379 1336 1456; baseline -0.002 -16"><span class='ocrx_word' id='word_1_72' title='bbox 327 1401 393 1440; x_wconf 92' lang='lat' dir='ltr'>cum</span> <span class='ocrx_word' id='word_1_73' title='bbox 415 1381 505 1454; x_wconf 85' lang='lat' dir='ltr'>uixit,</span> <span class='ocrx_word' id='word_1_74' title='bbox 534 1379 566 1437; x_wconf 93' lang='lat' dir='ltr'>id</span> <span class='ocrx_word' id='word_1_75' title='bbox 588 1382 618 1436; x_wconf 89' lang='lat' dir='ltr'>te</span> <span class='ocrx_word' id='word_1_76' title='bbox 642 1381 730 1454; x_wconf 89' lang='lat' dir='ltr'>scire,</span> <span class='ocrx_word' id='word_1_77' title='bbox 760 1397 850 1453; x_wconf 91' lang='lat' dir='ltr'>quem</span> <span class='ocrx_word' id='word_1_78' title='bbox 871 1397 1025 1453; x_wconf 89' lang='lat' dir='ltr'>nunquam</span> <span class='ocrx_word' id='word_1_79' title='bbox 1051 1380 1178 1438; x_wconf 87' lang='lat' dir='ltr'>uiderim</span> <span class='ocrx_word' id='word_1_80' title='bbox 1200 1381 1260 1439; x_wconf 91' lang='lat' dir='ltr'>nisi</span> <span class='ocrx_word' id='word_1_81' title='bbox 1283 1400 1336 1456; x_wconf 89' lang='lat' dir='ltr'>pro</span> 
     </span>
     <span class='ocr_line' id='line_1_12' title="bbox 326 1466 1373 1543; baseline 0 -16"><span class='ocrx_word' id='word_1_82' title='bbox 326 1466 490 1527; x_wconf 79' lang='lat' dir='ltr'>tribunali?</span> <span class='ocrx_word' id='word_1_83' title='bbox 523 1487 561 1526; x_wconf 89' lang='lat' dir='ltr'>an</span> <span class='ocrx_word' id='word_1_84' title='bbox 585 1467 663 1543; x_wconf 92' lang='lat' dir='ltr'>quod</span> <span class='ocrx_word' id='word_1_85' title='bbox 686 1467 811 1526; x_wconf 87' lang='lat' dir='ltr'>libertus</span> <span class='ocrx_word' id='word_1_86' title='bbox 829 1466 986 1542; x_wconf 88' lang='lat' dir='ltr'>adsiduus,</span> <span class='ocrx_word' id='word_1_87' title='bbox 1018 1469 1066 1526; x_wconf 90' lang='lat' dir='ltr'>cui</span> <span class='ocrx_word' id='word_1_88' title='bbox 1088 1470 1184 1527; x_wconf 88' lang='lat' dir='ltr'>omnis</span> <span class='ocrx_word' id='word_1_89' title='bbox 1206 1469 1336 1529; x_wconf 83' lang='lat' dir='ltr'>facultas</span> <span class='ocrx_word' id='word_1_90' title='bbox 1349 1491 1373 1527; x_wconf 82' lang='lat' dir='ltr'>ro</span> 
     </span>
     <span class='ocr_line' id='line_1_13' title="bbox 326 1555 1336 1633; baseline 0 -17"><span class='ocrx_word' id='word_1_91' title='bbox 326 1556 503 1633; x_wconf 86' lang='lat' dir='ltr'>inspiciendi</span> <span class='ocrx_word' id='word_1_92' title='bbox 524 1558 592 1630; x_wconf 86' lang='lat' dir='ltr'>fuit,</span> <span class='ocrx_word' id='word_1_93' title='bbox 616 1555 694 1631; x_wconf 92' lang='lat' dir='ltr'>quod</span> <span class='ocrx_word' id='word_1_94' title='bbox 716 1558 742 1614; x_wconf 90' lang='lat' dir='ltr'>is</span> <span class='ocrx_word' id='word_1_95' title='bbox 764 1555 890 1615; x_wconf 87' lang='lat' dir='ltr'>libertus</span> <span class='ocrx_word' id='word_1_96' title='bbox 912 1574 971 1614; x_wconf 91' lang='lat' dir='ltr'>non</span> <span class='ocrx_word' id='word_1_97' title='bbox 994 1557 1111 1631; x_wconf 88' lang='lat' dir='ltr'>uiderit,</span> <span class='ocrx_word' id='word_1_98' title='bbox 1134 1561 1165 1615; x_wconf 90' lang='lat' dir='ltr'>te</span> <span class='ocrx_word' id='word_1_99' title='bbox 1189 1559 1244 1632; x_wconf 90' lang='lat' dir='ltr'>qui</span> <span class='ocrx_word' id='word_1_100' title='bbox 1261 1577 1336 1616; x_wconf 89' lang='lat' dir='ltr'>nun·</span> 
     </span>
     <span class='ocr_line' id='line_1_14' title="bbox 328 1643 1337 1722; baseline 0.001 -17"><span class='ocrx_word' id='word_1_101' title='bbox 328 1665 417 1722; x_wconf 84' lang='lat' dir='ltr'>quam</span> <span class='ocrx_word' id='word_1_102' title='bbox 441 1665 475 1705; x_wconf 86' lang='lat' dir='ltr'>eo</span> <span class='ocrx_word' id='word_1_103' title='bbox 498 1647 653 1705; x_wconf 89' lang='lat' dir='ltr'>accesseris</span> <span class='ocrx_word' id='word_1_104' title='bbox 676 1643 806 1704; x_wconf 78' lang='lat' dir='ltr'>uidisse?</span> <span class='ocrx_word' id='word_1_105' title='bbox 834 1645 960 1720; x_wconf 83' lang='lat' dir='ltr'>denique</span> <span class='ocrx_word' id='word_1_106' title='bbox 982 1647 1017 1703; x_wconf 90' lang='lat' dir='ltr'>ut</span> <span class='ocrx_word' id='word_1_107' title='bbox 1039 1645 1119 1720; x_wconf 91' lang='lat' dir='ltr'>quod</span> <span class='ocrx_word' id='word_1_108' title='bbox 1142 1665 1202 1704; x_wconf 91' lang='lat' dir='ltr'>non</span> <span class='ocrx_word' id='word_1_109' title='bbox 1223 1646 1337 1720; x_wconf 85' lang='lat' dir='ltr'>uidisti,</span> 
     </span>
     <span class='ocr_line' id='line_1_15' title="bbox 327 1733 1336 1810; baseline 0 -17"><span class='ocrx_word' id='word_1_110' title='bbox 327 1736 358 1793; x_wconf 92' lang='lat' dir='ltr'>id</span> <span class='ocrx_word' id='word_1_111' title='bbox 381 1736 443 1794; x_wconf 87' lang='lat' dir='ltr'>tale</span> <span class='ocrx_word' id='word_1_112' title='bbox 466 1735 558 1793; x_wconf 87' lang='lat' dir='ltr'>fuerit</span> <span class='ocrx_word' id='word_1_113' title='bbox 580 1734 667 1810; x_wconf 90' lang='lat' dir='ltr'>quale</span> <span class='ocrx_word' id='word_1_114' title='bbox 690 1733 777 1792; x_wconf 86' lang='lat' dir='ltr'>dicis:</span> <span class='ocrx_word' id='word_1_115' title='bbox 801 1735 894 1809; x_wconf 89' lang='lat' dir='ltr'>atqui,</span> <span class='ocrx_word' id='word_1_116' title='bbox 917 1735 1017 1808; x_wconf 88' lang='lat' dir='ltr'>stulte,</span> <span class='ocrx_word' id='word_1_117' title='bbox 1040 1736 1067 1793; x_wconf 91' lang='lat' dir='ltr'>si</span> <span class='ocrx_word' id='word_1_118' title='bbox 1088 1733 1176 1792; x_wconf 89' lang='lat' dir='ltr'>hodie</span> <span class='ocrx_word' id='word_1_119' title='bbox 1195 1735 1271 1793; x_wconf 92' lang='lat' dir='ltr'>illud</span> <span class='ocrx_word' id='word_1_120' title='bbox 1289 1753 1336 1795; x_wconf 87' lang='lat' dir='ltr'>eu-</span> 
     </span>
     <span class='ocr_line' id='line_1_16' title="bbox 328 1822 1414 1902; baseline 0.003 -21"><span class='ocrx_word' id='word_1_121' title='bbox 328 1824 474 1883; x_wconf 87' lang='lat' dir='ltr'>deriolum</span> <span class='ocrx_word' id='word_1_122' title='bbox 495 1827 530 1882; x_wconf 92' lang='lat' dir='ltr'>tu</span> <span class='ocrx_word' id='word_1_123' title='bbox 552 1824 772 1899; x_wconf 73' lang='lat' dir='ltr'>intercepisset,</span> <span class='ocrx_word' id='word_1_124' title='bbox 803 1822 944 1898; x_wconf 90' lang='lat' dir='ltr'>quicquid</span> <span class='ocrx_word' id='word_1_125' title='bbox 971 1841 1005 1880; x_wconf 87' lang='lat' dir='ltr'>ex</span> <span class='ocrx_word' id='word_1_126' title='bbox 1030 1841 1063 1881; x_wconf 88' lang='lat' dir='ltr'>eo</span> <span class='ocrx_word' id='word_1_127' title='bbox 1086 1842 1252 1898; x_wconf 88' lang='lat' dir='ltr'>promeres,</span> <span class='ocrx_word' id='word_1_128' title='bbox 1282 1843 1336 1902; x_wconf 86' lang='lat' dir='ltr'>ego</span> <span class='ocrx_word' id='word_1_129' title='bbox 1413 1824 1414 1835; x_wconf 73' lang='grc'>’</span> 
     </span>
     <span class='ocr_line' id='line_1_17' title="bbox 328 1915 1372 1991; baseline 0 -20"><span class='ocrx_word' id='word_1_130' title='bbox 328 1915 476 1991; x_wconf 86' lang='lat' dir='ltr'>magicum</span> <span class='ocrx_word' id='word_1_131' title='bbox 498 1932 645 1989; x_wconf 84' lang='lat' dir='ltr'>negarem.</span> <span class='ocrx_word' id='word_1_132' title='bbox 1350 1933 1372 1971; x_wconf 87' lang='lat'>15</span> 
     </span>
     <span class='ocr_line' id='line_1_18' title="bbox 247 1997 1415 2078; baseline 0.005 -23"><span class='ocrx_word' id='word_1_133' title='bbox 247 1997 314 2055; x_wconf 86' lang='lat' dir='ltr'>LIV</span> <span class='ocrx_word' id='word_1_134' title='bbox 395 2001 463 2060; x_wconf 79' lang='lat' dir='ltr'>Tibi</span> <span class='ocrx_word' id='word_1_135' title='bbox 481 2001 554 2060; x_wconf 92' lang='lat' dir='ltr'>adeo</span> <span class='ocrx_word' id='word_1_136' title='bbox 572 2002 722 2077; x_wconf 88' lang='lat' dir='ltr'>permitto,</span> <span class='ocrx_word' id='word_1_137' title='bbox 740 2000 818 2077; x_wconf 84' lang='lat' dir='ltr'>finge</span> <span class='ocrx_word' id='word_1_138' title='bbox 833 1999 960 2075; x_wconf 89' lang='lat' dir='ltr'>quiduis,</span> <span class='ocrx_word' id='word_1_139' title='bbox 977 2001 1173 2074; x_wconf 90' lang='lat' dir='ltr'>reminiscere,</span> <span class='ocrx_word' id='word_1_140' title='bbox 1192 2004 1336 2078; x_wconf 84' lang='lat' dir='ltr'>excogita,</span> <span class='ocrx_word' id='word_1_141' title='bbox 1414 2040 1415 2043; x_wconf 58' lang='lat'><em>=</em></span> 
     </span>
     <span class='ocr_line' id='line_1_19' title="bbox 162 2088 1335 2167; baseline 0 -18"><span class='ocrx_word' id='word_1_142' title='bbox 162 2161 164 2166; x_wconf 17' lang='grc' dir='ltr'>Ι</span> <span class='ocrx_word' id='word_1_143' title='bbox 331 2092 409 2167; x_wconf 90' lang='lat' dir='ltr'>quod</span> <span class='ocrx_word' id='word_1_144' title='bbox 431 2092 526 2167; x_wconf 86' lang='lat' dir='ltr'>possit</span> <span class='ocrx_word' id='word_1_145' title='bbox 548 2091 696 2166; x_wconf 80' lang='lat' dir='ltr'>magicum</span> <span class='ocrx_word' id='word_1_146' title='bbox 718 2089 827 2146; x_wconf 90' lang='lat' dir='ltr'>uideri:</span> <span class='ocrx_word' id='word_1_147' title='bbox 856 2092 958 2147; x_wconf 89' lang='lat' dir='ltr'>tamen</span> <span class='ocrx_word' id='word_1_148' title='bbox 987 2088 1023 2146; x_wconf 88' lang='lat' dir='ltr'>de</span> <span class='ocrx_word' id='word_1_149' title='bbox 1052 2106 1087 2147; x_wconf 95' lang='lat' dir='ltr'>eo</span> <span class='ocrx_word' id='word_1_150' title='bbox 1115 2090 1216 2146; x_wconf 90' lang='lat' dir='ltr'>tecum</span> <span class='ocrx_word' id='word_1_151' title='bbox 1239 2090 1335 2149; x_wconf 90' lang='lat' dir='ltr'>decer-</span> 
     </span>
     <span class='ocr_line' id='line_1_20' title="bbox 242 2174 1336 2257; baseline -0.001 -18"><span class='ocrx_word' id='word_1_152' title='bbox 242 2191 256 2230; x_wconf 72' lang='lat' dir='ltr'>f·</span> <span class='ocrx_word' id='word_1_153' title='bbox 269 2192 316 2230; x_wconf 79' lang='lat' dir='ltr'>14b·</span> <span class='ocrx_word' id='word_1_154' title='bbox 330 2183 433 2239; x_wconf 89' lang='lat' dir='ltr'>tarem.</span> <span class='ocrx_word' id='word_1_155' title='bbox 455 2174 459 2257; x_wconf 70' lang='lat' dir='ltr'>l</span> <span class='ocrx_word' id='word_1_156' title='bbox 480 2182 533 2237; x_wconf 92' lang='lat' dir='ltr'>aut</span> <span class='ocrx_word' id='word_1_157' title='bbox 555 2197 610 2255; x_wconf 84' lang='lat' dir='ltr'>ego</span> <span class='ocrx_word' id='word_1_158' title='bbox 633 2177 797 2236; x_wconf 87' lang='lat' dir='ltr'>subiectum</span> <span class='ocrx_word' id='word_1_159' title='bbox 820 2176 947 2236; x_wconf 87' lang='lat' dir='ltr'>dicerem</span> <span class='ocrx_word' id='word_1_160' title='bbox 965 2179 1018 2235; x_wconf 89' lang='lat' dir='ltr'>aut</span> <span class='ocrx_word' id='word_1_161' title='bbox 1035 2177 1165 2236; x_wconf 88' lang='lat' dir='ltr'>remedio</span> <span class='ocrx_word' id='word_1_162' title='bbox 1184 2182 1336 2254; x_wconf 88' lang='lat' dir='ltr'>acceptum</span> 
     </span>
     <span class='ocr_line' id='line_1_21' title="bbox 328 2267 1416 2341; baseline -0.001 -14"><span class='ocrx_word' id='word_1_163' title='bbox 328 2272 381 2327; x_wconf 90' lang='lat' dir='ltr'>aut</span> <span class='ocrx_word' id='word_1_164' title='bbox 412 2287 495 2327; x_wconf 87' lang='lat' dir='ltr'>sacro</span> <span class='ocrx_word' id='word_1_165' title='bbox 525 2267 669 2325; x_wconf 80' lang='lat' dir='ltr'>traditum</span> <span class='ocrx_word' id='word_1_166' title='bbox 699 2268 753 2324; x_wconf 87' lang='lat' dir='ltr'>aut</span> <span class='ocrx_word' id='word_1_167' title='bbox 782 2267 896 2325; x_wconf 91' lang='lat' dir='ltr'>somnio</span> <span class='ocrx_word' id='word_1_168' title='bbox 925 2267 1112 2341; x_wconf 88' lang='lat' dir='ltr'>imperatum.</span> <span class='ocrx_word' id='word_1_169' title='bbox 1164 2267 1247 2326; x_wconf 90' lang='lat' dir='ltr'>mille</span> <span class='ocrx_word' id='word_1_170' title='bbox 1277 2269 1337 2326; x_wconf 86' lang='lat' dir='ltr'>alia</span> <span class='ocrx_word' id='word_1_171' title='bbox 1415 2304 1416 2309; x_wconf 23' lang='grc' dir='ltr'><strong><em>κ</em></strong></span> 
     </span>
     <span class='ocr_line' id='line_1_22' title="bbox 328 2346 1416 2432; baseline 0 -17"><span class='ocrx_word' id='word_1_172' title='bbox 328 2360 399 2416; x_wconf 89' lang='lat' dir='ltr'>sunt</span> <span class='ocrx_word' id='word_1_173' title='bbox 427 2356 531 2431; x_wconf 89' lang='lat' dir='ltr'>quibus</span> <span class='ocrx_word' id='word_1_174' title='bbox 560 2373 677 2431; x_wconf 90' lang='lat' dir='ltr'>possem</span> <span class='ocrx_word' id='word_1_175' title='bbox 709 2372 790 2412; x_wconf 92' lang='lat' dir='ltr'>more</span> <span class='ocrx_word' id='word_1_176' title='bbox 821 2356 970 2413; x_wconf 90' lang='lat' dir='ltr'>communi</span> <span class='ocrx_word' id='word_1_177' title='bbox 998 2358 1028 2413; x_wconf 89' lang='lat' dir='ltr'>et</span> <span class='ocrx_word' id='word_1_178' title='bbox 1054 2356 1264 2432; x_wconf 76' lang='lat' dir='ltr'>uulgatissima</span> <span class='ocrx_word' id='word_1_179' title='bbox 1287 2357 1336 2415; x_wconf 94' lang='lat' dir='ltr'>ob·</span> <span class='ocrx_word' id='word_1_180' title='bbox 1350 2377 1374 2414; x_wconf 83' lang='lat' dir='ltr'>so</span> <span class='ocrx_word' id='word_1_181' title='bbox 1415 2346 1416 2405; x_wconf 70' lang='lat' dir='ltr'>l</span> 
     </span>
     <span class='ocr_line' id='line_1_23' title="bbox 328 2418 1416 2519; baseline 0.004 -17"><span class='ocrx_word' id='word_1_182' title='bbox 328 2447 529 2503; x_wconf 86' lang='lat' dir='ltr'>seruationum</span> <span class='ocrx_word' id='word_1_183' title='bbox 551 2442 764 2502; x_wconf 88' lang='lat' dir='ltr'>consuetudine</span> <span class='ocrx_word' id='word_1_184' title='bbox 787 2461 857 2502; x_wconf 91' lang='lat' dir='ltr'>uere</span> <span class='ocrx_word' id='word_1_185' title='bbox 874 2444 1012 2502; x_wconf 89' lang='lat' dir='ltr'>refutare.</span> <span class='ocrx_word' id='word_1_186' title='bbox 1047 2462 1125 2502; x_wconf 92' lang='lat' dir='ltr'>nunc</span> <span class='ocrx_word' id='word_1_187' title='bbox 1142 2444 1175 2501; x_wconf 91' lang='lat' dir='ltr'>id</span> <span class='ocrx_word' id='word_1_188' title='bbox 1191 2446 1337 2519; x_wconf 87' lang='lat' dir='ltr'>postulas,</span> <span class='ocrx_word' id='word_1_189' title='bbox 1415 2418 1416 2505; x_wconf 62' lang='lat' dir='ltr'>l</span> 
     </span>
     <span class='ocr_line' id='line_1_24' title="bbox 327 2531 1338 2609; baseline 0.003 -19"><span class='ocrx_word' id='word_1_190' title='bbox 327 2535 362 2590; x_wconf 96' lang='lat' dir='ltr'>ut</span> <span class='ocrx_word' id='word_1_191' title='bbox 385 2532 463 2607; x_wconf 94' lang='lat' dir='ltr'>quod</span> <span class='ocrx_word' id='word_1_192' title='bbox 485 2532 695 2607; x_wconf 88' lang='lat' dir='ltr'>reprehensum</span> <span class='ocrx_word' id='word_1_193' title='bbox 717 2534 748 2590; x_wconf 91' lang='lat' dir='ltr'>et</span> <span class='ocrx_word' id='word_1_194' title='bbox 777 2531 931 2590; x_wconf 88' lang='lat' dir='ltr'>detentum</span> <span class='ocrx_word' id='word_1_195' title='bbox 959 2534 1059 2591; x_wconf 91' lang='lat' dir='ltr'>tamen</span> <span class='ocrx_word' id='word_1_196' title='bbox 1088 2532 1164 2590; x_wconf 86' lang='lat' dir='ltr'>nihil</span> <span class='ocrx_word' id='word_1_197' title='bbox 1186 2552 1234 2592; x_wconf 94' lang='lat' dir='ltr'>me</span> <span class='ocrx_word' id='word_1_198' title='bbox 1257 2534 1338 2609; x_wconf 90' lang='lat' dir='ltr'>apud</span> 
     </span>
     <span class='ocr_line' id='line_1_25' title="bbox 328 2619 1338 2697; baseline 0.001 -18"><span class='ocrx_word' id='word_1_199' title='bbox 328 2621 438 2679; x_wconf 90' lang='lat' dir='ltr'>bonum</span> <span class='ocrx_word' id='word_1_200' title='bbox 460 2620 588 2679; x_wconf 89' lang='lat' dir='ltr'>iudicem</span> <span class='ocrx_word' id='word_1_201' title='bbox 617 2619 760 2696; x_wconf 86' lang='lat' dir='ltr'>laederet,</span> <span class='ocrx_word' id='word_1_202' title='bbox 790 2620 822 2678; x_wconf 92' lang='lat' dir='ltr'>id</span> <span class='ocrx_word' id='word_1_203' title='bbox 844 2622 927 2679; x_wconf 89' lang='lat' dir='ltr'>inani</span> <span class='ocrx_word' id='word_1_204' title='bbox 950 2623 1116 2697; x_wconf 89' lang='lat' dir='ltr'>suspicione</span> <span class='ocrx_word' id='word_1_205' title='bbox 1138 2623 1284 2681; x_wconf 85' lang='lat' dir='ltr'>incertum</span> <span class='ocrx_word' id='word_1_206' title='bbox 1309 2628 1338 2682; x_wconf 90' lang='lat' dir='ltr'>et</span> 
     </span>
     <span class='ocr_line' id='line_1_26' title="bbox 328 2703 1417 2787; baseline -0.003 -20"><span class='ocrx_word' id='word_1_207' title='bbox 328 2710 513 2786; x_wconf 81' lang='lat' dir='ltr'>incognitum</span> <span class='ocrx_word' id='word_1_208' title='bbox 529 2703 540 2787; x_wconf 76' lang='grc' dir='ltr'>ΙΙ</span> <span class='ocrx_word' id='word_1_209' title='bbox 558 2708 738 2768; x_wconf 84' lang='lat' dir='ltr'>condemnet.</span> <span class='ocrx_word' id='word_1_210' title='bbox 784 2709 863 2767; x_wconf 86' lang='lat' dir='ltr'>baud</span> <span class='ocrx_word' id='word_1_211' title='bbox 886 2711 978 2768; x_wconf 87' lang='lat' dir='ltr'>sciam</span> <span class='ocrx_word' id='word_1_212' title='bbox 1001 2728 1038 2767; x_wconf 88' lang='lat' dir='ltr'>an</span> <span class='ocrx_word' id='word_1_213' title='bbox 1061 2728 1171 2784; x_wconf 86' lang='lat' dir='ltr'>rursus,</span> <span class='ocrx_word' id='word_1_214' title='bbox 1193 2714 1230 2768; x_wconf 87' lang='lat' dir='ltr'>ut</span> <span class='ocrx_word' id='word_1_215' title='bbox 1252 2711 1417 2786; x_wconf 66' lang='lat' dir='ltr'>soleamus</span> 
     </span>
     <span class='ocr_line' id='line_1_27' title="bbox 330 2792 1374 2874; baseline 0.004 -19"><span class='ocrx_word' id='word_1_216' title='bbox 330 2798 423 2856; x_wconf 84' lang='lat' dir='ltr'>dicas:</span> <span class='ocrx_word' id='word_1_217' title='bbox 447 2792 530 2872; x_wconf 75' lang='lat' dir='ltr'>‘quid</span> <span class='ocrx_word' id='word_1_218' title='bbox 549 2817 618 2874; x_wconf 88' lang='lat' dir='ltr'>ergo</span> <span class='ocrx_word' id='word_1_219' title='bbox 637 2798 712 2855; x_wconf 91' lang='lat' dir='ltr'>illud</span> <span class='ocrx_word' id='word_1_220' title='bbox 734 2799 802 2871; x_wconf 87' lang='lat' dir='ltr'>fuit,</span> <span class='ocrx_word' id='word_1_221' title='bbox 826 2798 903 2872; x_wconf 93' lang='lat' dir='ltr'>quod</span> <span class='ocrx_word' id='word_1_222' title='bbox 926 2798 1018 2857; x_wconf 86' lang='lat' dir='ltr'>linteo</span> <span class='ocrx_word' id='word_1_223' title='bbox 1032 2800 1144 2857; x_wconf 89' lang='lat' dir='ltr'>tectum</span> <span class='ocrx_word' id='word_1_224' title='bbox 1157 2799 1238 2874; x_wconf 89' lang='lat' dir='ltr'>apud</span> <span class='ocrx_word' id='word_1_225' title='bbox 1260 2800 1337 2859; x_wconf 85' lang='lat' dir='ltr'>lares</span> <span class='ocrx_word' id='word_1_226' title='bbox 1351 2819 1374 2858; x_wconf 82' lang='lat' dir='ltr'>sa</span> 
     </span>
    </p>
   </div>
   <div class='ocr_carea' id='block_1_4' title="bbox 400 2965 1273 3021">
    <p class='ocr_par' dir='ltr' id='par_1_4' title="bbox 400 2965 1273 3021">
     <span class='ocr_line' id='line_1_28' title="bbox 400 2965 1273 3021; baseline 0 0"><span class='ocrx_word' id='word_1_227' title='bbox 400 2973 415 3021; x_wconf 91' lang='lat'>8</span> <span class='ocrx_word' id='word_1_228' title='bbox 436 2965 469 3019; x_wconf 84' lang='lat' dir='ltr'>cf.</span> <span class='ocrx_word' id='word_1_229' title='bbox 489 2965 551 3019; x_wconf 88' lang='lat' dir='ltr'>Val.</span> <span class='ocrx_word' id='word_1_230' title='bbox 571 2966 644 3019; x_wconf 83' lang='lat' dir='ltr'>Max.</span> <span class='ocrx_word' id='word_1_231' title='bbox 664 2965 702 3018; x_wconf 89' lang='lat' dir='ltr'>IX</span> <span class='ocrx_word' id='word_1_232' title='bbox 721 2971 744 3020; x_wconf 82' lang='lat'>5.</span> <span class='ocrx_word' id='word_1_233' title='bbox 766 2970 819 3020; x_wconf 84' lang='lat' dir='ltr'>ext.</span> <span class='ocrx_word' id='word_1_234' title='bbox 841 2972 864 3018; x_wconf 86' lang='lat'>3.</span> <span class='ocrx_word' id='word_1_235' title='bbox 885 2966 1032 3019; x_wconf 91' lang='lat' dir='ltr'>diuiduum</span> <span class='ocrx_word' id='word_1_236' title='bbox 1051 2966 1273 3021; x_wconf 87' lang='lat' dir='ltr'>contubernium.</span> 
     </span>
    </p>
   </div>
   <div class='ocr_carea' id='block_1_5' title="bbox 328 3124 1337 3198">
    <p class='ocr_par' dir='ltr' id='par_1_5' title="bbox 328 3124 1337 3198">
     <span class='ocr_line' id='line_1_29' title="bbox 328 3124 1337 3198; baseline 0.002 -18"><span class='ocrx_word' id='word_1_237' title='bbox 328 3128 357 3180; x_wconf 90' lang='lat' dir='ltr'>et</span> <span class='ocrx_word' id='word_1_238' title='bbox 382 3127 525 3181; x_wconf 86' lang='lat' dir='ltr'>clauderet</span> <span class='ocrx_word' id='word_1_239' title='bbox 550 3129 579 3180; x_wconf 90' lang='lat' dir='ltr'>et</span> <span class='ocrx_word' id='word_1_240' title='bbox 604 3141 688 3196; x_wconf 88' lang='lat' dir='ltr'>saepe</span> <span class='ocrx_word' id='word_1_241' title='bbox 718 3124 864 3179; x_wconf 89' lang='lat' dir='ltr'>nobiscum</span> <span class='ocrx_word' id='word_1_242' title='bbox 889 3146 910 3194; x_wconf 82' lang='grc' dir='ltr'><em>φ</em></span> <span class='ocrx_word' id='word_1_243' title='bbox 934 3126 1060 3193; x_wconf 72' lang='lat' dir='ltr'>(etloum</span> <span class='ocrx_word' id='word_1_244' title='bbox 1078 3129 1107 3180; x_wconf 90' lang='lat' dir='ltr'>et</span> <span class='ocrx_word' id='word_1_245' title='bbox 1130 3127 1151 3179; x_wconf 84' lang='lat' dir='ltr'><strong>F</strong></span> <span class='ocrx_word' id='word_1_246' title='bbox 1176 3143 1234 3181; x_wconf 80' lang='lat' dir='ltr'>noa</span> <span class='ocrx_word' id='word_1_247' title='bbox 1252 3146 1337 3198; x_wconf 73' lang='lat' dir='ltr'>cyco-</span> 
     </span>
    </p>
   </div>
   <div class='ocr_carea' id='block_1_6' title="bbox 327 3211 1339 3405">
    <p class='ocr_par' dir='ltr' id='par_1_6' title="bbox 327 3211 1339 3405">
     <span class='ocr_line' id='line_1_30' title="bbox 327 3211 1337 3334; baseline -0.001 -29"><span class='ocrx_word' id='word_1_248' title='bbox 327 3253 388 3318; x_wconf 77' lang='lat' dir='ltr'>scs&#39;t)</span> <span class='ocrx_word' id='word_1_249' title='bbox 408 3211 482 3305; x_wconf 51' lang='lat' dir='ltr'>solde&#39;</span> <span class='ocrx_word' id='word_1_250' title='bbox 500 3252 521 3304; x_wconf 84' lang='lat' dir='ltr'><strong>F</strong></span> <span class='ocrx_word' id='word_1_251' title='bbox 541 3251 681 3322; x_wconf 68' lang='lat' dir='ltr'>sol,u,s‹p</span> <span class='ocrx_word' id='word_1_252' title='bbox 946 3321 951 3331; x_wconf 43' lang='lat'>,</span> <span class='ocrx_word' id='word_1_253' title='bbox 990 3321 995 3331; x_wconf 26' lang='lat'><strong><em>³</em></strong></span> <span class='ocrx_word' id='word_1_254' title='bbox 1090 3321 1096 3332; x_wconf 40' lang='grc' dir='ltr'>Ι</span> <span class='ocrx_word' id='word_1_255' title='bbox 1331 3324 1337 3334; x_wconf 40' lang='lat'><strong>·</strong></span> 
     </span>
     <span class='ocr_line' id='line_1_31' title="bbox 398 3320 1339 3405; baseline 0 -28"><span class='ocrx_word' id='word_1_256' title='bbox 398 3329 415 3377; x_wconf 74' lang='lat'><em>4</em></span> <span class='ocrx_word' id='word_1_257' title='bbox 434 3322 628 3405; x_wconf 75' lang='lat' dir='ltr'>neglegentius</span> <span class='ocrx_word' id='word_1_258' title='bbox 647 3323 698 3391; x_wconf 71' lang='lat' dir='ltr'>Fp</span> <span class='ocrx_word' id='word_1_259' title='bbox 719 3323 723 3391; x_wconf 83' lang='grc' dir='ltr'>Ι</span> <span class='ocrx_word' id='word_1_260' title='bbox 746 3320 797 3374; x_wconf 89' lang='lat' dir='ltr'>sed</span> <span class='ocrx_word' id='word_1_261' title='bbox 816 3336 879 3374; x_wconf 91' lang='lat' dir='ltr'>eum</span> <span class='ocrx_word' id='word_1_262' title='bbox 896 3336 995 3388; x_wconf 65' lang='lat' dir='ltr'>scupea</span> <span class='ocrx_word' id='word_1_263' title='bbox 1013 3324 1057 3389; x_wconf 86' lang='lat' dir='ltr'>(ec.</span> <span class='ocrx_word' id='word_1_264' title='bbox 1077 3321 1206 3392; x_wconf 81' lang='lat' dir='ltr'>linteum)</span> <span class='ocrx_word' id='word_1_265' title='bbox 1225 3323 1276 3376; x_wconf 87' lang='lat' dir='ltr'>sed</span> <span class='ocrx_word' id='word_1_266' title='bbox 1294 3342 1339 3377; x_wconf 85' lang='lat' dir='ltr'>eur</span> 
     </span>
    </p>
   </div>
   <div class='ocr_carea' id='block_1_7' title="bbox 327 3391 1338 3505">
    <p class='ocr_par' dir='ltr' id='par_1_7' title="bbox 327 3391 1416 3535">
     <span class='ocr_line' id='line_1_32' title="bbox 327 3391 1338 3463; baseline 0.004 -17"><span class='ocrx_word' id='word_1_267' title='bbox 327 3393 349 3446; x_wconf 83' lang='lat' dir='ltr'><strong>F</strong></span> <span class='ocrx_word' id='word_1_268' title='bbox 369 3394 418 3446; x_wconf 88' lang='lat' dir='ltr'>sed</span> <span class='ocrx_word' id='word_1_269' title='bbox 437 3410 511 3447; x_wconf 88' lang='lat' dir='ltr'>emm</span> <span class='ocrx_word' id='word_1_270' title='bbox 530 3414 551 3463; x_wconf 84' lang='grc' dir='ltr'><strong><em>φ</em></strong></span> <span class='ocrx_word' id='word_1_271' title='bbox 571 3393 680 3447; x_wconf 87' lang='lat' dir='ltr'>scilicet</span> <span class='ocrx_word' id='word_1_272' title='bbox 697 3392 772 3446; x_wconf 87' lang='lat' dir='ltr'>enim</span> <span class='ocrx_word' id='word_1_273' title='bbox 791 3392 843 3446; x_wconf 85' lang='lat' dir='ltr'>Kr.</span> <span class='ocrx_word' id='word_1_274' title='bbox 859 3407 919 3445; x_wconf 82' lang='lat' dir='ltr'>cum</span> <span class='ocrx_word' id='word_1_275' title='bbox 932 3391 1054 3446; x_wconf 80' lang='lat' dir='ltr'>Boescbo</span> <span class='ocrx_word' id='word_1_276' title='bbox 1123 3392 1301 3462; x_wconf 70' lang='lat' dir='ltr'>liprentialt</span> <span class='ocrx_word' id='word_1_277' title='bbox 1317 3416 1338 3463; x_wconf 86' lang='grc' dir='ltr'>φ</span> 
     </span>
     <span class='ocr_line' id='line_1_33' title="bbox 381 3477 394 3505; baseline 0 -1"><span class='ocrx_word' id='word_1_278' title='bbox 381 3477 394 3505; x_wconf 85' lang='lat'><strong>0</strong></span> 
     </span>
    </p>
   </div>
   <div class='ocr_carea' id='block_1_8' title="bbox 328 3515 1416 3938">
    <p class='ocr_par' dir='ltr' id='par_1_8' title="bbox 328 3515 1416 3874">
     <span class='ocr_line' id='line_1_34' title="bbox 329 3515 1416 3587; baseline 0.002 -17"><span class='ocrx_word' id='word_1_279' title='bbox 329 3520 399 3585; x_wconf 82' lang='lat' dir='ltr'>8qb</span> <span class='ocrx_word' id='word_1_280' title='bbox 415 3518 623 3587; x_wconf 70' lang='lat' dir='ltr'>nepotianusp</span> <span class='ocrx_word' id='word_1_281' title='bbox 686 3522 718 3570; x_wconf 93' lang='lat'>10</span> <span class='ocrx_word' id='word_1_282' title='bbox 734 3516 903 3583; x_wconf 70' lang='lat' dir='ltr'>assiduusqa</span> <span class='ocrx_word' id='word_1_283' title='bbox 964 3520 996 3568; x_wconf 88' lang='grc'>16</span> <span class='ocrx_word' id='word_1_284' title='bbox 1010 3515 1187 3570; x_wconf 86' lang='lat' dir='ltr'>reminiscere</span> <span class='ocrx_word' id='word_1_285' title='bbox 1200 3517 1250 3586; x_wconf 67' lang='grc' dir='ltr'>Εφ</span> <span class='ocrx_word' id='word_1_286' title='bbox 1266 3534 1339 3572; x_wconf 90' lang='lat' dir='ltr'>com·</span> <span class='ocrx_word' id='word_1_287' title='bbox 1415 3540 1416 3547; x_wconf 50' lang='lat'>¹</span> 
     </span>
     <span class='ocr_line' id='line_1_35' title="bbox 328 3566 1416 3654; baseline 0.002 -14"><span class='ocrx_word' id='word_1_288' title='bbox 328 3587 474 3643; x_wconf 90' lang='lat' dir='ltr'>miniscere</span> <span class='ocrx_word' id='word_1_289' title='bbox 490 3589 602 3643; x_wconf 71' lang='lat' dir='ltr'>(letoius</span> <span class='ocrx_word' id='word_1_290' title='bbox 684 3593 716 3641; x_wconf 87' lang='lat'>18</span> <span class='ocrx_word' id='word_1_291' title='bbox 732 3587 888 3641; x_wconf 87' lang='lat' dir='ltr'>subiectum</span> <span class='ocrx_word' id='word_1_292' title='bbox 916 3586 966 3654; x_wconf 67' lang='lat' dir='ltr'>Fe</span> <span class='ocrx_word' id='word_1_293' title='bbox 1047 3591 1082 3640; x_wconf 77' lang='lat'>20</span> <span class='ocrx_word' id='word_1_294' title='bbox 1110 3586 1340 3642; x_wconf 90' lang='lat' dir='ltr'>obseruationum</span> <span class='ocrx_word' id='word_1_295' title='bbox 1415 3566 1416 3619; x_wconf 48' lang='lat'>¹</span> 
     </span>
     <span class='ocr_line' id='line_1_36' title="bbox 329 3656 1340 3728; baseline 0.004 -19"><span class='ocrx_word' id='word_1_296' title='bbox 329 3659 377 3727; x_wconf 68' lang='lat' dir='ltr'>l&#39;qa</span> <span class='ocrx_word' id='word_1_297' title='bbox 404 3659 628 3714; x_wconf 85' lang='lat' dir='ltr'>obsecrationum</span> <span class='ocrx_word' id='word_1_298' title='bbox 646 3661 698 3714; x_wconf 74' lang='lat' dir='ltr'>Kc.</span> <span class='ocrx_word' id='word_1_299' title='bbox 785 3664 819 3711; x_wconf 79' lang='lat'>22</span> <span class='ocrx_word' id='word_1_300' title='bbox 842 3656 1039 3725; x_wconf 87' lang='lat' dir='ltr'>reprehensum</span> <span class='ocrx_word' id='word_1_301' title='bbox 1061 3657 1110 3727; x_wconf 69' lang='lat' dir='ltr'>llo&gt;</span> <span class='ocrx_word' id='word_1_302' title='bbox 1134 3659 1340 3728; x_wconf 87' lang='lat' dir='ltr'>deprehensum</span> 
     </span>
     <span class='ocr_line' id='line_1_37' title="bbox 330 3728 1340 3812; baseline 0.005 -31"><span class='ocrx_word' id='word_1_303' title='bbox 330 3730 431 3797; x_wconf 72' lang='lat' dir='ltr'>Kacf.</span> <span class='ocrx_word' id='word_1_304' title='bbox 446 3729 566 3785; x_wconf 59' lang='lat' dir='ltr'>Florida</span> <span class='ocrx_word' id='word_1_305' title='bbox 584 3737 618 3783; x_wconf 81' lang='grc'>94</span> <span class='ocrx_word' id='word_1_306' title='bbox 638 3728 678 3796; x_wconf 77' lang='grc'>0.,</span> <span class='ocrx_word' id='word_1_307' title='bbox 696 3747 723 3802; x_wconf 88' lang='lat' dir='ltr'>p.</span> <span class='ocrx_word' id='word_1_308' title='bbox 744 3735 830 3782; x_wconf 63' lang='lat'>3222</span> <span class='ocrx_word' id='word_1_309' title='bbox 849 3728 896 3781; x_wconf 88' lang='lat' dir='ltr'>Kr.</span> <span class='ocrx_word' id='word_1_310' title='bbox 917 3728 970 3782; x_wconf 79' lang='lat' dir='ltr'>Cic.</span> <span class='ocrx_word' id='word_1_311' title='bbox 991 3744 1044 3796; x_wconf 79' lang='lat' dir='ltr'>pro</span> <span class='ocrx_word' id='word_1_312' title='bbox 1063 3728 1178 3784; x_wconf 74' lang='lat' dir='ltr'>Forctcsb</span> <span class='ocrx_word' id='word_1_313' title='bbox 1196 3730 1217 3812; x_wconf 63' lang='lat'><em>5</em></span> <span class='ocrx_word' id='word_1_314' title='bbox 1235 3735 1267 3797; x_wconf 86' lang='lat'>3,</span> <span class='ocrx_word' id='word_1_315' title='bbox 1285 3749 1340 3802; x_wconf 76' lang='lat' dir='ltr'>pro</span> 
     </span>
     <span class='ocr_line' id='line_1_38' title="bbox 331 3799 1339 3874; baseline 0.004 -23"><span class='ocrx_word' id='word_1_316' title='bbox 331 3799 434 3854; x_wconf 80' lang='lat' dir='ltr'>Clucut.</span> <span class='ocrx_word' id='word_1_317' title='bbox 454 3801 475 3870; x_wconf 80' lang='lat'><em>§</em></span> <span class='ocrx_word' id='word_1_318' title='bbox 493 3805 544 3865; x_wconf 80' lang='lat'>98,</span> <span class='ocrx_word' id='word_1_319' title='bbox 570 3801 683 3870; x_wconf 65' lang='lat' dir='ltr'>Quium.</span> <span class='ocrx_word' id='word_1_320' title='bbox 707 3801 731 3852; x_wconf 95' lang='grc' dir='ltr'>Ι.</span> <span class='ocrx_word' id='word_1_321' title='bbox 755 3799 785 3853; x_wconf 92' lang='lat'>0.</span> <span class='ocrx_word' id='word_1_322' title='bbox 811 3801 836 3852; x_wconf 93' lang='grc' dir='ltr'>Ι.</span> <span class='ocrx_word' id='word_1_323' title='bbox 857 3803 881 3852; x_wconf 86' lang='grc'>5.</span> <span class='ocrx_word' id='word_1_324' title='bbox 897 3802 932 3852; x_wconf 88' lang='lat'>33</span> <span class='ocrx_word' id='word_1_325' title='bbox 1040 3805 1073 3852; x_wconf 78' lang='lat'>23</span> <span class='ocrx_word' id='word_1_326' title='bbox 1102 3800 1261 3874; x_wconf 81' lang='lat' dir='ltr'>suspicione</span> <span class='ocrx_word' id='word_1_327' title='bbox 1289 3803 1339 3872; x_wconf 72' lang='lat' dir='ltr'>Fp</span> 
     </span>
    </p>

    <p class='ocr_par' dir='ltr' id='par_1_9' title="bbox 330 3869 607 3938">
     <span class='ocr_line' id='line_1_39' title="bbox 330 3869 607 3938; baseline 0.011 -18"><span class='ocrx_word' id='word_1_328' title='bbox 330 3875 363 3921; x_wconf 78' lang='lat'>24</span> <span class='ocrx_word' id='word_1_329' title='bbox 383 3869 567 3938; x_wconf 86' lang='lat' dir='ltr'>condempnet</span> <span class='ocrx_word' id='word_1_330' title='bbox 586 3888 607 3937; x_wconf 88' lang='grc' dir='ltr'><strong>φ</strong></span> 
     </span>
    </p>
   </div>
   <div class='ocr_carea' id='block_1_9' title="bbox 0 0 1572 4617">
    <p class='ocr_par' dir='ltr' id='par_1_10' title="bbox 0 0 1572 4617">
     <span class='ocr_line' id='line_1_40' title="bbox 0 0 1572 4617; baseline 0 0"><span class='ocrx_word' id='word_1_331' title='bbox 0 0 1572 4617; x_wconf 95' lang='lat' dir='ltr'> </span> 
     </span>
    </p>
   </div>
  </div>
 </body>
</html>
