<?xml version="1.0" encoding="UTF-8"?>
<!DOCTYPE html PUBLIC "-//W3C//DTD XHTML 1.0 Transitional//EN"
    "http://www.w3.org/TR/xhtml1/DTD/xhtml1-transitional.dtd">
<html xmlns="http://www.w3.org/1999/xhtml" xml:lang="en" lang="en">
 <head>
  <title>
</title>
<meta http-equiv="Content-Type" content="text/html;charset=utf-8" />
  <meta name='ocr-system' content='tesseract 3.04.00' />
  <meta name='ocr-capabilities' content='ocr_page ocr_carea ocr_par ocr_line ocrx_word'/>
</head>
<body>
  <div class='ocr_page' id='page_1' title='image "./lveiiapvleimada00apulgoog_0066.png"; bbox 0 0 3125 4617; ppageno 0'>
   <div class='ocr_carea' id='block_1_1' title="bbox 310 496 1419 576">
    <p class='ocr_par' dir='ltr' id='par_1_1' title="bbox 310 496 1419 576">
     <span class='ocr_line' id='line_1_1' title="bbox 310 496 1419 576; baseline 0 -24"><span class='ocrx_word' id='word_1_1' title='bbox 310 503 355 572; x_wconf 86' lang='lat'>44</span> <span class='ocrx_word' id='word_1_2' title='bbox 587 500 616 554; x_wconf 82' lang='lat' dir='ltr'>n.</span> <span class='ocrx_word' id='word_1_3' title='bbox 636 498 770 555; x_wconf 75' lang='lat' dir='ltr'>lavim</span> <span class='ocrx_word' id='word_1_4' title='bbox 787 496 1047 553; x_wconf 79' lang='lat' dir='ltr'>nmavcnnsss</span> <span class='ocrx_word' id='word_1_5' title='bbox 1418 533 1419 576; x_wconf 82' lang='lat'>,</span> 
     </span>
    </p>
   </div>
   <div class='ocr_carea' id='block_1_2' title="bbox 205 579 1420 747">
    <p class='ocr_par' dir='ltr' id='par_1_2' title="bbox 205 579 1420 747">
     <span class='ocr_line' id='line_1_2' title="bbox 205 579 1420 658; baseline -0.004 -7"><span class='ocrx_word' id='word_1_6' title='bbox 205 612 222 651; x_wconf 81' lang='lat' dir='ltr'>f.</span> <span class='ocrx_word' id='word_1_7' title='bbox 237 612 298 653; x_wconf 67' lang='lat'>1111).</span> <span class='ocrx_word' id='word_1_8' title='bbox 311 612 329 651; x_wconf 85' lang='lat' dir='ltr'>f.</span> <span class='ocrx_word' id='word_1_9' title='bbox 342 612 374 651; x_wconf 74' lang='lat' dir='ltr'>ee.</span> <span class='ocrx_word' id='word_1_10' title='bbox 1269 607 1315 647; x_wconf 76' lang='lat' dir='ltr'>nu</span> <span class='ocrx_word' id='word_1_11' title='bbox 1329 579 1420 658; x_wconf 61' lang='lat' dir='ltr'>osred</span> 
     </span>
     <span class='ocr_line' id='line_1_3' title="bbox 312 665 1419 747; baseline -0.002 -17"><span class='ocrx_word' id='word_1_12' title='bbox 312 689 428 747; x_wconf 85' lang='lat' dir='ltr'>mergos</span> <span class='ocrx_word' id='word_1_13' title='bbox 452 672 482 732; x_wconf 73' lang='lat' dir='ltr'>eo</span> <span class='ocrx_word' id='word_1_14' title='bbox 504 668 659 746; x_wconf 88' lang='lat' dir='ltr'>delphinos</span> <span class='ocrx_word' id='word_1_15' title='bbox 682 670 712 726; x_wconf 74' lang='lat' dir='ltr'>ei</span> <span class='ocrx_word' id='word_1_16' title='bbox 739 667 855 727; x_wconf 88' lang='lat' dir='ltr'>scillam</span> <span class='ocrx_word' id='word_1_17' title='bbox 883 669 918 724; x_wconf 81' lang='lat' dir='ltr'>tu</span> <span class='ocrx_word' id='word_1_18' title='bbox 949 665 1052 725; x_wconf 90' lang='lat' dir='ltr'>eodem</span> <span class='ocrx_word' id='word_1_19' title='bbox 1079 667 1201 741; x_wconf 81' lang='lat' dir='ltr'>referes,</span> <span class='ocrx_word' id='word_1_20' title='bbox 1231 668 1327 729; x_wconf 76' lang='lat' dir='ltr'>esiam</span> <span class='ocrx_word' id='word_1_21' title='bbox 1418 669 1419 672; x_wconf 69' lang='grc'>’</span> 
     </span>
    </p>
   </div>
   <div class='ocr_carea' id='block_1_3' title="bbox 208 755 1420 2428">
    <p class='ocr_par' dir='ltr' id='par_1_3' title="bbox 208 755 1420 2428">
     <span class='ocr_line' id='line_1_4' title="bbox 313 755 1326 837; baseline -0.003 -17"><span class='ocrx_word' id='word_1_22' title='bbox 313 761 435 837; x_wconf 77' lang='lat' dir='ltr'>gulones</span> <span class='ocrx_word' id='word_1_23' title='bbox 469 760 580 833; x_wconf 87' lang='lat' dir='ltr'>omnis,</span> <span class='ocrx_word' id='word_1_24' title='bbox 610 758 661 832; x_wconf 91' lang='lat' dir='ltr'>qui</span> <span class='ocrx_word' id='word_1_25' title='bbox 690 755 831 832; x_wconf 88' lang='lat' dir='ltr'>inpendio</span> <span class='ocrx_word' id='word_1_26' title='bbox 861 774 880 813; x_wconf 91' lang='lat' dir='ltr'>a</span> <span class='ocrx_word' id='word_1_27' title='bbox 910 755 1107 831; x_wconf 75' lang='lat' dir='ltr'><strong>piscatoribus</strong></span> <span class='ocrx_word' id='word_1_28' title='bbox 1138 758 1326 833; x_wconf 73' lang='lat' dir='ltr'>merguntur,</span> 
     </span>
     <span class='ocr_line' id='line_1_5' title="bbox 314 844 1326 923; baseline -0.002 -16"><span class='ocrx_word' id='word_1_29' title='bbox 314 849 404 907; x_wconf 74' lang='lat' dir='ltr'>etiem</span> <span class='ocrx_word' id='word_1_30' title='bbox 426 848 506 923; x_wconf 88' lang='lat' dir='ltr'>ipsos</span> <span class='ocrx_word' id='word_1_31' title='bbox 529 847 704 922; x_wconf 69' lang='lat' dir='ltr'>piscatoree,</span> <span class='ocrx_word' id='word_1_32' title='bbox 737 845 789 920; x_wconf 88' lang='lat' dir='ltr'>qui</span> <span class='ocrx_word' id='word_1_33' title='bbox 820 844 952 904; x_wconf 90' lang='lat' dir='ltr'>omnium</span> <span class='ocrx_word' id='word_1_34' title='bbox 979 863 1120 920; x_wconf 81' lang='lat' dir='ltr'>generum</span> <span class='ocrx_word' id='word_1_35' title='bbox 1146 844 1236 920; x_wconf 88' lang='lat' dir='ltr'>piscis</span> <span class='ocrx_word' id='word_1_36' title='bbox 1260 848 1326 905; x_wconf 68' lang='lat' dir='ltr'>mie</span> 
     </span>
     <span class='ocr_line' id='line_1_6' title="bbox 314 908 1420 1026; baseline -0.002 -30"><span class='ocrx_word' id='word_1_37' title='bbox 314 937 482 1013; x_wconf 68' lang='lat' dir='ltr'>adquirunt.</span> <span class='ocrx_word' id='word_1_38' title='bbox 529 930 592 993; x_wconf 74' lang='lat' dir='ltr'>‘cur</span> <span class='ocrx_word' id='word_1_39' title='bbox 622 952 691 1010; x_wconf 84' lang='lat' dir='ltr'>ergo</span> <span class='ocrx_word' id='word_1_40' title='bbox 722 936 757 991; x_wconf 78' lang='lat' dir='ltr'>&#39;cu</span> <span class='ocrx_word' id='word_1_41' title='bbox 790 927 939 1007; x_wconf 60' lang='lat' dir='ltr'>quaeris?</span> <span class='ocrx_word' id='word_1_42' title='bbox 970 934 1039 991; x_wconf 85' lang='lat' dir='ltr'>nolo</span> <span class='ocrx_word' id='word_1_43' title='bbox 1072 932 1207 1008; x_wconf 84' lang='lat' dir='ltr'>equidem</span> <span class='ocrx_word' id='word_1_44' title='bbox 1232 928 1245 1012; x_wconf 88' lang='grc' dir='ltr'>ΙΙ</span> <span class='ocrx_word' id='word_1_45' title='bbox 1270 908 1420 1026; x_wconf 49' lang='lat' dir='ltr'>necffffl</span> 
     </span>
     <span class='ocr_line' id='line_1_7' title="bbox 313 1021 1369 1097; baseline -0.003 -12"><span class='ocrx_word' id='word_1_46' title='bbox 313 1026 511 1085; x_wconf 82' lang='lat' dir='ltr'>necessarium</span> <span class='ocrx_word' id='word_1_47' title='bbox 533 1023 627 1082; x_wconf 80' lang='lat' dir='ltr'>habeo</span> <span class='ocrx_word' id='word_1_48' title='bbox 649 1022 705 1081; x_wconf 79' lang='lat' dir='ltr'>tibi</span> <span class='ocrx_word' id='word_1_49' title='bbox 723 1022 829 1095; x_wconf 80' lang='lat' dir='ltr'>dicere,</span> <span class='ocrx_word' id='word_1_50' title='bbox 851 1021 902 1080; x_wconf 90' lang='lat' dir='ltr'>sed</span> <span class='ocrx_word' id='word_1_51' title='bbox 919 1040 974 1097; x_wconf 86' lang='lat' dir='ltr'>per</span> <span class='ocrx_word' id='word_1_52' title='bbox 990 1024 1030 1097; x_wconf 75' lang='lat' dir='ltr'>ie,</span> <span class='ocrx_word' id='word_1_53' title='bbox 1052 1022 1079 1080; x_wconf 91' lang='lat' dir='ltr'>si</span> <span class='ocrx_word' id='word_1_54' title='bbox 1095 1023 1190 1097; x_wconf 74' lang='lat' dir='ltr'>potes,</span> <span class='ocrx_word' id='word_1_55' title='bbox 1214 1022 1253 1081; x_wconf 88' lang='lat' dir='ltr'>ad</span> <span class='ocrx_word' id='word_1_56' title='bbox 1269 1023 1327 1082; x_wconf 90' lang='lat' dir='ltr'>hoc</span> <span class='ocrx_word' id='word_1_57' title='bbox 1342 1042 1369 1093; x_wconf 60' lang='lat'>‚5</span> 
     </span>
     <span class='ocr_line' id='line_1_8' title="bbox 314 1110 1327 1189; baseline -0.004 -16"><span class='ocrx_word' id='word_1_58' title='bbox 314 1115 463 1189; x_wconf 86' lang='lat' dir='ltr'>quaesisse</span> <span class='ocrx_word' id='word_1_59' title='bbox 490 1131 538 1171; x_wconf 91' lang='lat' dir='ltr'>me</span> <span class='ocrx_word' id='word_1_60' title='bbox 565 1130 671 1188; x_wconf 82' lang='lat' dir='ltr'>argue,</span> <span class='ocrx_word' id='word_1_61' title='bbox 698 1112 732 1168; x_wconf 76' lang='lat' dir='ltr'>ut</span> <span class='ocrx_word' id='word_1_62' title='bbox 759 1110 786 1169; x_wconf 91' lang='lat' dir='ltr'>si</span> <span class='ocrx_word' id='word_1_63' title='bbox 812 1110 994 1171; x_wconf 88' lang='lat' dir='ltr'>helleborum</span> <span class='ocrx_word' id='word_1_64' title='bbox 1025 1110 1074 1169; x_wconf 87' lang='lat' dir='ltr'>uel</span> <span class='ocrx_word' id='word_1_65' title='bbox 1111 1112 1239 1169; x_wconf 76' lang='lat' dir='ltr'>cicutam</span> <span class='ocrx_word' id='word_1_66' title='bbox 1274 1114 1327 1171; x_wconf 89' lang='lat' dir='ltr'>uel</span> 
     </span>
     <span class='ocr_line' id='line_1_9' title="bbox 314 1199 1327 1277; baseline 0 -16"><span class='ocrx_word' id='word_1_67' title='bbox 314 1222 416 1261; x_wconf 88' lang='lat' dir='ltr'>sucum</span> <span class='ocrx_word' id='word_1_68' title='bbox 438 1200 595 1277; x_wconf 86' lang='lat' dir='ltr'>papaueris</span> <span class='ocrx_word' id='word_1_69' title='bbox 626 1199 774 1273; x_wconf 84' lang='lat' dir='ltr'>emissem,</span> <span class='ocrx_word' id='word_1_70' title='bbox 803 1199 876 1257; x_wconf 75' lang='lat' dir='ltr'>item</span> <span class='ocrx_word' id='word_1_71' title='bbox 906 1199 967 1259; x_wconf 88' lang='lat' dir='ltr'>alia</span> <span class='ocrx_word' id='word_1_72' title='bbox 990 1199 1120 1258; x_wconf 90' lang='lat' dir='ltr'>eiusdem</span> <span class='ocrx_word' id='word_1_73' title='bbox 1148 1199 1231 1259; x_wconf 91' lang='lat' dir='ltr'>modi</span> <span class='ocrx_word' id='word_1_74' title='bbox 1254 1219 1327 1275; x_wconf 75' lang='lat' dir='ltr'>quo</span> 
     </span>
     <span class='ocr_line' id='line_1_10' title="bbox 313 1286 1327 1363; baseline 0.001 -15"><span class='ocrx_word' id='word_1_75' title='bbox 313 1310 380 1348; x_wconf 91' lang='lat' dir='ltr'>rum</span> <span class='ocrx_word' id='word_1_76' title='bbox 397 1289 566 1348; x_wconf 69' lang='lat' dir='ltr'>moderatus</span> <span class='ocrx_word' id='word_1_77' title='bbox 586 1307 656 1347; x_wconf 89' lang='lat' dir='ltr'>usus</span> <span class='ocrx_word' id='word_1_78' title='bbox 675 1288 825 1362; x_wconf 75' lang='lat' dir='ltr'>solutoris,</span> <span class='ocrx_word' id='word_1_79' title='bbox 847 1286 898 1345; x_wconf 90' lang='lat' dir='ltr'>sed</span> <span class='ocrx_word' id='word_1_80' title='bbox 917 1288 1086 1347; x_wconf 71' lang='lat' dir='ltr'>commixiio</span> <span class='ocrx_word' id='word_1_81' title='bbox 1104 1287 1153 1348; x_wconf 90' lang='lat' dir='ltr'>uel</span> <span class='ocrx_word' id='word_1_82' title='bbox 1173 1290 1327 1363; x_wconf 75' lang='lat' dir='ltr'>quantitas</span> 
     </span>
     <span class='ocr_line' id='line_1_11' title="bbox 314 1376 1399 1460; baseline -0.004 -23"><span class='ocrx_word' id='word_1_83' title='bbox 314 1381 403 1437; x_wconf 81' lang='lat' dir='ltr'>noxia</span> <span class='ocrx_word' id='word_1_84' title='bbox 425 1381 478 1437; x_wconf 71' lang='lat' dir='ltr'>esi.</span> <span class='ocrx_word' id='word_1_85' title='bbox 525 1378 598 1452; x_wconf 53' lang='lat' dir='ltr'>quis*</span> <span class='ocrx_word' id='word_1_86' title='bbox 621 1396 696 1454; x_wconf 87' lang='lat' dir='ltr'>equo</span> <span class='ocrx_word' id='word_1_87' title='bbox 720 1376 819 1460; x_wconf 81' lang='lat' dir='ltr'>animo</span> <span class='ocrx_word' id='word_1_88' title='bbox 848 1378 1016 1451; x_wconf 72' lang='lat' dir='ltr'>patereiur,</span> <span class='ocrx_word' id='word_1_89' title='bbox 1045 1377 1072 1437; x_wconf 89' lang='lat' dir='ltr'>si</span> <span class='ocrx_word' id='word_1_90' title='bbox 1100 1396 1148 1436; x_wconf 91' lang='lat' dir='ltr'>me</span> <span class='ocrx_word' id='word_1_91' title='bbox 1176 1396 1231 1454; x_wconf 86' lang='lat' dir='ltr'>per</span> <span class='ocrx_word' id='word_1_92' title='bbox 1252 1379 1326 1437; x_wconf 88' lang='lat' dir='ltr'>haec</span> <span class='ocrx_word' id='word_1_93' title='bbox 1340 1394 1399 1445; x_wconf 69' lang='lat'>(471)</span> 
     </span>
     <span class='ocr_line' id='line_1_12' title="bbox 313 1464 1369 1540; baseline 0.002 -15"><span class='ocrx_word' id='word_1_94' title='bbox 313 1466 449 1527; x_wconf 87' lang='lat' dir='ltr'>ueneficii</span> <span class='ocrx_word' id='word_1_95' title='bbox 472 1484 640 1540; x_wconf 79' lang='lat' dir='ltr'>accesseree,</span> <span class='ocrx_word' id='word_1_96' title='bbox 663 1464 742 1540; x_wconf 91' lang='lat' dir='ltr'>quod</span> <span class='ocrx_word' id='word_1_97' title='bbox 765 1482 801 1523; x_wconf 86' lang='lat' dir='ltr'>ex</span> <span class='ocrx_word' id='word_1_98' title='bbox 822 1465 883 1525; x_wconf 87' lang='lat' dir='ltr'>illie</span> <span class='ocrx_word' id='word_1_99' title='bbox 905 1467 1005 1540; x_wconf 78' lang='lat' dir='ltr'>potest</span> <span class='ocrx_word' id='word_1_100' title='bbox 1027 1465 1115 1525; x_wconf 94' lang='lat' dir='ltr'>homo</span> <span class='ocrx_word' id='word_1_101' title='bbox 1138 1464 1251 1525; x_wconf 79' lang='lat' dir='ltr'>occidi?</span> <span class='ocrx_word' id='word_1_102' title='bbox 1341 1488 1369 1527; x_wconf 80' lang='lat' dir='ltr'>ro</span> 
     </span>
     <span class='ocr_line' id='line_1_13' title="bbox 208 1553 1328 1632; baseline 0.001 -17"><span class='ocrx_word' id='word_1_103' title='bbox 208 1556 338 1615; x_wconf 88' lang='lat' dir='ltr'><strong>XXXHI</strong></span> <span class='ocrx_word' id='word_1_104' title='bbox 382 1555 543 1615; x_wconf 82' lang='lat' dir='ltr'>Videamus</span> <span class='ocrx_word' id='word_1_105' title='bbox 575 1557 690 1628; x_wconf 79' lang='lat' dir='ltr'>temen,</span> <span class='ocrx_word' id='word_1_106' title='bbox 719 1572 794 1628; x_wconf 88' lang='lat' dir='ltr'>quae</span> <span class='ocrx_word' id='word_1_107' title='bbox 825 1553 938 1611; x_wconf 81' lang='lat' dir='ltr'>fuerint</span> <span class='ocrx_word' id='word_1_108' title='bbox 967 1554 1094 1632; x_wconf 89' lang='lat' dir='ltr'>piscium</span> <span class='ocrx_word' id='word_1_109' title='bbox 1126 1574 1236 1632; x_wconf 83' lang='lat' dir='ltr'>genera</span> <span class='ocrx_word' id='word_1_110' title='bbox 1261 1557 1328 1616; x_wconf 74' lang='lat' dir='ltr'>tam</span> 
     </span>
     <span class='ocr_line' id='line_1_14' title="bbox 314 1641 1327 1719; baseline 0.001 -16"><span class='ocrx_word' id='word_1_111' title='bbox 314 1645 479 1704; x_wconf 84' lang='lat' dir='ltr'>necessarie</span> <span class='ocrx_word' id='word_1_112' title='bbox 502 1642 540 1701; x_wconf 86' lang='lat' dir='ltr'>ad</span> <span class='ocrx_word' id='word_1_113' title='bbox 561 1641 729 1701; x_wconf 87' lang='lat' dir='ltr'>habendum</span> <span class='ocrx_word' id='word_1_114' title='bbox 750 1645 872 1717; x_wconf 77' lang='lat' dir='ltr'>tamque</span> <span class='ocrx_word' id='word_1_115' title='bbox 894 1661 963 1701; x_wconf 81' lang='lat' dir='ltr'>rara</span> <span class='ocrx_word' id='word_1_116' title='bbox 981 1642 1019 1702; x_wconf 88' lang='lat' dir='ltr'>ad</span> <span class='ocrx_word' id='word_1_117' title='bbox 1033 1642 1269 1719; x_wconf 83' lang='lat' dir='ltr'>repperiendum,</span> <span class='ocrx_word' id='word_1_118' title='bbox 1290 1649 1327 1704; x_wconf 76' lang='lat' dir='ltr'>ut</span> 
     </span>
     <span class='ocr_line' id='line_1_15' title="bbox 314 1732 1327 1811; baseline 0 -20"><span class='ocrx_word' id='word_1_119' title='bbox 314 1734 419 1793; x_wconf 70' lang='lat' dir='ltr'>merito</span> <span class='ocrx_word' id='word_1_120' title='bbox 443 1735 557 1793; x_wconf 76' lang='lat' dir='ltr'>statuto</span> <span class='ocrx_word' id='word_1_121' title='bbox 579 1733 711 1811; x_wconf 85' lang='lat' dir='ltr'>praemio</span> <span class='ocrx_word' id='word_1_122' title='bbox 740 1734 957 1805; x_wconf 77' lang='lat' dir='ltr'>quaererentur.</span> <span class='ocrx_word' id='word_1_123' title='bbox 1002 1732 1061 1789; x_wconf 77' lang='lat' dir='ltr'>tria</span> <span class='ocrx_word' id='word_1_124' title='bbox 1089 1733 1209 1792; x_wconf 90' lang='lat' dir='ltr'>omnino</span> <span class='ocrx_word' id='word_1_125' title='bbox 1232 1734 1327 1792; x_wconf 90' lang='lat' dir='ltr'>nomi-</span> 
     </span>
     <span class='ocr_line' id='line_1_16' title="bbox 313 1820 1328 1898; baseline 0.004 -19"><span class='ocrx_word' id='word_1_126' title='bbox 313 1825 474 1896; x_wconf 81' lang='lat' dir='ltr'>neuerunt,</span> <span class='ocrx_word' id='word_1_127' title='bbox 503 1841 595 1880; x_wconf 89' lang='lat' dir='ltr'>unum</span> <span class='ocrx_word' id='word_1_128' title='bbox 617 1820 700 1895; x_wconf 87' lang='lat' dir='ltr'>falsi,</span> <span class='ocrx_word' id='word_1_129' title='bbox 730 1820 788 1878; x_wconf 92' lang='lat' dir='ltr'>duo</span> <span class='ocrx_word' id='word_1_130' title='bbox 811 1820 938 1879; x_wconf 82' lang='lat' dir='ltr'>mentiti.</span> <span class='ocrx_word' id='word_1_131' title='bbox 983 1820 1066 1894; x_wconf 82' lang='lat' dir='ltr'>falsi,</span> <span class='ocrx_word' id='word_1_132' title='bbox 1094 1820 1173 1895; x_wconf 90' lang='lat' dir='ltr'>qnod</span> <span class='ocrx_word' id='word_1_133' title='bbox 1194 1822 1328 1898; x_wconf 88' lang='lat' dir='ltr'>leporem</span> 
     </span>
     <span class='ocr_line' id='line_1_17' title="bbox 313 1907 1367 1986; baseline 0.003 -18"><span class='ocrx_word' id='word_1_134' title='bbox 313 1911 460 1971; x_wconf 88' lang='lat' dir='ltr'>marinum</span> <span class='ocrx_word' id='word_1_135' title='bbox 491 1911 582 1983; x_wconf 85' lang='lat' dir='ltr'>fuisse</span> <span class='ocrx_word' id='word_1_136' title='bbox 615 1909 767 1983; x_wconf 75' lang='lat' dir='ltr'>dixeramt,</span> <span class='ocrx_word' id='word_1_137' title='bbox 798 1910 850 1984; x_wconf 91' lang='lat' dir='ltr'>qui</span> <span class='ocrx_word' id='word_1_138' title='bbox 882 1907 958 1967; x_wconf 91' lang='lat' dir='ltr'>alius</span> <span class='ocrx_word' id='word_1_139' title='bbox 990 1910 1110 1968; x_wconf 91' lang='lat' dir='ltr'>omnino</span> <span class='ocrx_word' id='word_1_140' title='bbox 1136 1910 1226 1986; x_wconf 89' lang='lat' dir='ltr'>piscis</span> <span class='ocrx_word' id='word_1_141' title='bbox 1256 1911 1326 1986; x_wconf 73' lang='lat' dir='ltr'>fine,</span> <span class='ocrx_word' id='word_1_142' title='bbox 1342 1931 1367 1971; x_wconf 83' lang='lat' dir='ltr'>re</span> 
     </span>
     <span class='ocr_line' id='line_1_18' title="bbox 314 1997 1419 2076; baseline 0 -17"><span class='ocrx_word' id='word_1_143' title='bbox 314 2019 401 2075; x_wconf 88' lang='lat' dir='ltr'>quem</span> <span class='ocrx_word' id='word_1_144' title='bbox 423 1999 497 2059; x_wconf 85' lang='lat' dir='ltr'>mihi</span> <span class='ocrx_word' id='word_1_145' title='bbox 520 1998 677 2058; x_wconf 82' lang='lat' dir='ltr'>Themison</span> <span class='ocrx_word' id='word_1_146' title='bbox 701 2015 804 2057; x_wconf 83' lang='lat' dir='ltr'>seruus</span> <span class='ocrx_word' id='word_1_147' title='bbox 826 1999 942 2072; x_wconf 82' lang='lat' dir='ltr'>noster,</span> <span class='ocrx_word' id='word_1_148' title='bbox 971 1997 1134 2057; x_wconf 89' lang='lat' dir='ltr'>medicinae</span> <span class='ocrx_word' id='word_1_149' title='bbox 1160 2018 1220 2058; x_wconf 91' lang='lat' dir='ltr'>non</span> <span class='ocrx_word' id='word_1_150' title='bbox 1242 2000 1328 2076; x_wconf 84' lang='lat' dir='ltr'>igna-</span> <span class='ocrx_word' id='word_1_151' title='bbox 1418 2021 1419 2040; x_wconf 58' lang='lat'>¹</span> 
     </span>
     <span class='ocr_line' id='line_1_19' title="bbox 312 2086 1327 2164; baseline -0.001 -16"><span class='ocrx_word' id='word_1_152' title='bbox 312 2107 378 2163; x_wconf 84' lang='lat' dir='ltr'>rus,</span> <span class='ocrx_word' id='word_1_153' title='bbox 408 2092 443 2147; x_wconf 76' lang='lat' dir='ltr'>ut</span> <span class='ocrx_word' id='word_1_154' title='bbox 471 2107 506 2146; x_wconf 86' lang='lat' dir='ltr'>ex</span> <span class='ocrx_word' id='word_1_155' title='bbox 532 2088 598 2162; x_wconf 85' lang='lat' dir='ltr'>ipso</span> <span class='ocrx_word' id='word_1_156' title='bbox 626 2086 749 2159; x_wconf 78' lang='lat' dir='ltr'>audisti,</span> <span class='ocrx_word' id='word_1_157' title='bbox 781 2086 861 2145; x_wconf 72' lang='lat' dir='ltr'>ultro</span> <span class='ocrx_word' id='word_1_158' title='bbox 890 2087 995 2145; x_wconf 72' lang='lat' dir='ltr'>soom</span> <span class='ocrx_word' id='word_1_159' title='bbox 1024 2086 1061 2145; x_wconf 85' lang='lat' dir='ltr'>ad</span> <span class='ocrx_word' id='word_1_160' title='bbox 1090 2087 1327 2164; x_wconf 74' lang='lat' dir='ltr'>inspiciendum:</span> 
     </span>
     <span class='ocr_line' id='line_1_20' title="bbox 314 2173 1327 2253; baseline 0.004 -19"><span class='ocrx_word' id='word_1_161' title='bbox 314 2196 383 2235; x_wconf 87' lang='lat' dir='ltr'>nam</span> <span class='ocrx_word' id='word_1_162' title='bbox 414 2176 532 2251; x_wconf 87' lang='lat' dir='ltr'>quidem</span> <span class='ocrx_word' id='word_1_163' title='bbox 561 2175 692 2250; x_wconf 90' lang='lat' dir='ltr'>leporem</span> <span class='ocrx_word' id='word_1_164' title='bbox 723 2173 855 2233; x_wconf 89' lang='lat' dir='ltr'>nondum</span> <span class='ocrx_word' id='word_1_165' title='bbox 887 2176 977 2235; x_wconf 73' lang='lat' dir='ltr'>etiam</span> <span class='ocrx_word' id='word_1_166' title='bbox 1008 2176 1131 2234; x_wconf 82' lang='lat' dir='ltr'>inuenit.</span> <span class='ocrx_word' id='word_1_167' title='bbox 1177 2175 1230 2236; x_wconf 83' lang='lat' dir='ltr'>sed</span> <span class='ocrx_word' id='word_1_168' title='bbox 1258 2196 1327 2253; x_wconf 83' lang='lat' dir='ltr'>pro·</span> 
     </span>
     <span class='ocr_line' id='line_1_21' title="bbox 313 2263 1329 2345; baseline 0.001 -22"><span class='ocrx_word' id='word_1_169' title='bbox 313 2265 399 2325; x_wconf 77' lang='lat' dir='ltr'>fiteor</span> <span class='ocrx_word' id='word_1_170' title='bbox 416 2284 463 2323; x_wconf 91' lang='lat' dir='ltr'>me</span> <span class='ocrx_word' id='word_1_171' title='bbox 483 2282 622 2339; x_wconf 88' lang='lat' dir='ltr'>quaerero</span> <span class='ocrx_word' id='word_1_172' title='bbox 641 2265 671 2321; x_wconf 77' lang='lat' dir='ltr'>et</span> <span class='ocrx_word' id='word_1_173' title='bbox 688 2264 794 2336; x_wconf 78' lang='lat' dir='ltr'>cetere,</span> <span class='ocrx_word' id='word_1_174' title='bbox 812 2282 871 2322; x_wconf 93' lang='lat' dir='ltr'>non</span> <span class='ocrx_word' id='word_1_175' title='bbox 888 2264 1085 2345; x_wconf 73' lang='lat' dir='ltr'>piscatoribus</span> <span class='ocrx_word' id='word_1_176' title='bbox 1103 2263 1200 2338; x_wconf 89' lang='lat' dir='ltr'>modo,</span> <span class='ocrx_word' id='word_1_177' title='bbox 1223 2284 1329 2325; x_wconf 84' lang='lat' dir='ltr'>uerum</span> 
     </span>
     <span class='ocr_line' id='line_1_22' title="bbox 316 2350 1369 2428; baseline 0.002 -16"><span class='ocrx_word' id='word_1_178' title='bbox 316 2355 406 2413; x_wconf 83' lang='lat' dir='ltr'>etiam</span> <span class='ocrx_word' id='word_1_179' title='bbox 440 2352 541 2411; x_wconf 86' lang='lat' dir='ltr'>emicis</span> <span class='ocrx_word' id='word_1_180' title='bbox 573 2350 646 2411; x_wconf 90' lang='lat' dir='ltr'>meis</span> <span class='ocrx_word' id='word_1_181' title='bbox 679 2352 798 2428; x_wconf 74' lang='lat' dir='ltr'>negotio</span> <span class='ocrx_word' id='word_1_182' title='bbox 830 2351 915 2427; x_wconf 76' lang='lat' dir='ltr'>dato,</span> <span class='ocrx_word' id='word_1_183' title='bbox 954 2353 1120 2428; x_wconf 89' lang='lat' dir='ltr'>quicunque</span> <span class='ocrx_word' id='word_1_184' title='bbox 1150 2354 1250 2413; x_wconf 89' lang='lat' dir='ltr'>minus</span> <span class='ocrx_word' id='word_1_185' title='bbox 1279 2372 1328 2414; x_wconf 89' lang='lat' dir='ltr'>oo-</span> <span class='ocrx_word' id='word_1_186' title='bbox 1342 2375 1369 2414; x_wconf 82' lang='lat' dir='ltr'>ao</span> 
     </span>
    </p>
   </div>
   <div class='ocr_carea' id='block_1_4' title="bbox 235 2434 1330 2523">
    <p class='ocr_par' dir='ltr' id='par_1_4' title="bbox 235 2434 1330 2523">
     <span class='ocr_line' id='line_1_23' title="bbox 235 2434 1330 2523; baseline 0.007 -28"><span class='ocrx_word' id='word_1_187' title='bbox 235 2456 251 2497; x_wconf 84' lang='lat' dir='ltr'>r.</span> <span class='ocrx_word' id='word_1_188' title='bbox 268 2457 302 2497; x_wconf 79' lang='lat' dir='ltr'>oe.</span> <span class='ocrx_word' id='word_1_189' title='bbox 317 2441 395 2519; x_wconf 81' lang='lat' dir='ltr'>gniti</span> <span class='ocrx_word' id='word_1_190' title='bbox 423 2434 427 2523; x_wconf 85' lang='grc'>1</span> <span class='ocrx_word' id='word_1_191' title='bbox 455 2440 570 2519; x_wconf 85' lang='lat' dir='ltr'>generis</span> <span class='ocrx_word' id='word_1_192' title='bbox 592 2440 682 2516; x_wconf 86' lang='lat' dir='ltr'>piscis</span> <span class='ocrx_word' id='word_1_193' title='bbox 709 2440 862 2515; x_wconf 76' lang='lat' dir='ltr'>inciderit,</span> <span class='ocrx_word' id='word_1_194' title='bbox 885 2444 920 2501; x_wconf 74' lang='lat' dir='ltr'>ut</span> <span class='ocrx_word' id='word_1_195' title='bbox 946 2446 1000 2503; x_wconf 66' lang='lat' dir='ltr'>ouo</span> <span class='ocrx_word' id='word_1_196' title='bbox 1024 2444 1123 2515; x_wconf 76' lang='lat' dir='ltr'>ipsum</span> <span class='ocrx_word' id='word_1_197' title='bbox 1148 2443 1254 2501; x_wconf 74' lang='lat' dir='ltr'>uicum</span> <span class='ocrx_word' id='word_1_198' title='bbox 1280 2445 1330 2503; x_wconf 74' lang='lat' dir='ltr'>ael</span> 
     </span>
    </p>
   </div>
   <div class='ocr_carea' id='block_1_5' title="bbox 330 2643 1328 2722">
    <p class='ocr_par' dir='ltr' id='par_1_5' title="bbox 330 2643 1328 2722">
     <span class='ocr_line' id='line_1_24' title="bbox 330 2643 1328 2722; baseline 0.006 -26"><span class='ocrx_word' id='word_1_199' title='bbox 330 2678 335 2689; x_wconf 78' lang='lat'><strong>·</strong></span> <span class='ocrx_word' id='word_1_200' title='bbox 360 2649 386 2696; x_wconf 79' lang='lat'>&#39;1</span> <span class='ocrx_word' id='word_1_201' title='bbox 399 2643 544 2714; x_wconf 72' lang='lat' dir='ltr'>delfinosl&#39;</span> <span class='ocrx_word' id='word_1_202' title='bbox 554 2644 559 2717; x_wconf 70' lang='grc' dir='ltr'>Ι</span> <span class='ocrx_word' id='word_1_203' title='bbox 568 2644 677 2701; x_wconf 86' lang='lat' dir='ltr'>scillam</span> <span class='ocrx_word' id='word_1_204' title='bbox 686 2644 736 2714; x_wconf 73' lang='lat' dir='ltr'>Fcp</span> <span class='ocrx_word' id='word_1_205' title='bbox 745 2643 841 2722; x_wconf 69' lang='lat' dir='ltr'>scillas</span> <span class='ocrx_word' id='word_1_206' title='bbox 851 2645 903 2700; x_wconf 84' lang='lat' dir='ltr'>Kr.</span> <span class='ocrx_word' id='word_1_207' title='bbox 941 2650 1020 2718; x_wconf 76' lang='lat' dir='ltr'>2on</span> <span class='ocrx_word' id='word_1_208' title='bbox 1029 2644 1066 2698; x_wconf 67' lang='lat'>1¹¹²</span> <span class='ocrx_word' id='word_1_209' title='bbox 1075 2660 1122 2699; x_wconf 90' lang='lat' dir='ltr'>oes</span> <span class='ocrx_word' id='word_1_210' title='bbox 1131 2645 1168 2698; x_wconf 68' lang='grc' dir='ltr'><strong>Ρ</strong></span> <span class='ocrx_word' id='word_1_211' title='bbox 1177 2646 1181 2718; x_wconf 67' lang='lat' dir='ltr'>l</span> <span class='ocrx_word' id='word_1_212' title='bbox 1191 2645 1328 2715; x_wconf 88' lang='lat' dir='ltr'>inpendio</span> 
     </span>
    </p>
   </div>
   <div class='ocr_carea' id='block_1_6' title="bbox 314 2728 1419 3407">
    <p class='ocr_par' dir='ltr' id='par_1_6' title="bbox 314 2728 1419 3407">
     <span class='ocr_line' id='line_1_25' title="bbox 769 2728 873 2758; baseline -0.019 0"><span class='ocrx_word' id='word_1_213' title='bbox 769 2730 786 2758; x_wconf 75' lang='lat' dir='ltr'>V</span> <span class='ocrx_word' id='word_1_214' title='bbox 861 2728 873 2756; x_wconf 78' lang='lat'>0</span> 
     </span>
     <span class='ocr_line' id='line_1_26' title="bbox 314 2740 1329 2855; baseline 0.003 -35"><span class='ocrx_word' id='word_1_215' title='bbox 314 2767 642 2839; x_wconf 56' lang='lat' dir='ltr'>elaea-gamaineins</span> <span class='ocrx_word' id='word_1_216' title='bbox 697 2740 770 2823; x_wconf 61' lang='lat'>351¹</span> <span class='ocrx_word' id='word_1_217' title='bbox 785 2740 963 2841; x_wconf 65' lang='lat' dir='ltr'>&#39;srfiilessa</span> <span class='ocrx_word' id='word_1_218' title='bbox 1016 2768 1329 2855; x_wconf 66' lang='lat' dir='ltr'>raeanuneeqaum</span> 
     </span>
     <span class='ocr_line' id='line_1_27' title="bbox 314 2838 1419 2910; baseline 0.003 -19"><span class='ocrx_word' id='word_1_219' title='bbox 314 2839 364 2908; x_wconf 69' lang='lat' dir='ltr'>Fe</span> <span class='ocrx_word' id='word_1_220' title='bbox 406 2838 699 2908; x_wconf 72' lang='lat' dir='ltr'>ascirepotesRohde</span> <span class='ocrx_word' id='word_1_221' title='bbox 740 2839 1037 2910; x_wconf 61' lang='lat' dir='ltr'>sportulamque</span> <span class='ocrx_word' id='word_1_222' title='bbox 1051 2841 1188 2907; x_wconf 75' lang='lat' dir='ltr'>lamonem,</span> <span class='ocrx_word' id='word_1_223' title='bbox 1201 2843 1329 2896; x_wconf 78' lang='lat' dir='ltr'>cueuaa&#39;n</span> <span class='ocrx_word' id='word_1_224' title='bbox 1418 2891 1419 2894; x_wconf 74' lang='grc'>,</span> 
     </span>
     <span class='ocr_line' id='line_1_28' title="bbox 315 2910 1419 2981; baseline 0.001 -17"><span class='ocrx_word' id='word_1_225' title='bbox 315 2911 374 2964; x_wconf 81' lang='lat' dir='ltr'>cdd.</span> <span class='ocrx_word' id='word_1_226' title='bbox 393 2910 501 2963; x_wconf 78' lang='lat' dir='ltr'>nullum</span> <span class='ocrx_word' id='word_1_227' title='bbox 518 2912 663 2981; x_wconf 72' lang='lat' dir='ltr'>oeetiye&#39;um</span> <span class='ocrx_word' id='word_1_228' title='bbox 677 2917 762 2977; x_wconf 75' lang='lat' dir='ltr'>estet,</span> <span class='ocrx_word' id='word_1_229' title='bbox 778 2928 864 2979; x_wconf 77' lang='lat' dir='ltr'>neque</span> <span class='ocrx_word' id='word_1_230' title='bbox 877 2927 946 2980; x_wconf 80' lang='lat' dir='ltr'>opos</span> <span class='ocrx_word' id='word_1_231' title='bbox 959 2917 997 2965; x_wconf 78' lang='lat' dir='ltr'>cet</span> <span class='ocrx_word' id='word_1_232' title='bbox 1010 2912 1154 2965; x_wconf 76' lang='lat' dir='ltr'>dummodo</span> <span class='ocrx_word' id='word_1_233' title='bbox 1164 2918 1228 2980; x_wconf 76' lang='lat' dir='ltr'>post</span> <span class='ocrx_word' id='word_1_234' title='bbox 1241 2912 1328 2967; x_wconf 87' lang='lat' dir='ltr'>noxia</span> <span class='ocrx_word' id='word_1_235' title='bbox 1418 2919 1419 2932; x_wconf 65' lang='lat'>¹</span> 
     </span>
     <span class='ocr_line' id='line_1_29' title="bbox 314 2979 1328 3051; baseline 0.001 -16"><span class='ocrx_word' id='word_1_236' title='bbox 314 2982 358 3035; x_wconf 76' lang='lat' dir='ltr'>est</span> <span class='ocrx_word' id='word_1_237' title='bbox 371 2982 421 3050; x_wconf 81' lang='lat' dir='ltr'>(ua.</span> <span class='ocrx_word' id='word_1_238' title='bbox 437 2983 464 3050; x_wconf 83' lang='lat'>9)</span> <span class='ocrx_word' id='word_1_239' title='bbox 482 2982 692 3051; x_wconf 61' lang='lat' dir='ltr'>inlucescens.</span> <span class='ocrx_word' id='word_1_240' title='bbox 721 2981 784 3037; x_wconf 84' lang='lat' dir='ltr'>Hoc</span> <span class='ocrx_word' id='word_1_241' title='bbox 797 2983 876 3037; x_wconf 77' lang='lat' dir='ltr'>dicit:</span> <span class='ocrx_word' id='word_1_242' title='bbox 895 2981 961 3036; x_wconf 93' lang='lat' dir='ltr'>nolo</span> <span class='ocrx_word' id='word_1_243' title='bbox 975 2979 1030 3034; x_wconf 74' lang='lat' dir='ltr'>eibi</span> <span class='ocrx_word' id='word_1_244' title='bbox 1044 2997 1158 3035; x_wconf 86' lang='lat' dir='ltr'>oausam</span> <span class='ocrx_word' id='word_1_245' title='bbox 1172 2999 1221 3035; x_wconf 84' lang='lat' dir='ltr'>cur</span> <span class='ocrx_word' id='word_1_246' title='bbox 1233 2982 1328 3051; x_wconf 79' lang='lat' dir='ltr'>pisces</span> 
     </span>
     <span class='ocr_line' id='line_1_30' title="bbox 315 3050 1328 3122; baseline 0.006 -18"><span class='ocrx_word' id='word_1_247' title='bbox 315 3050 491 3121; x_wconf 85' lang='lat' dir='ltr'>quaesierim,</span> <span class='ocrx_word' id='word_1_248' title='bbox 510 3051 611 3122; x_wconf 88' lang='lat' dir='ltr'>dicere,</span> <span class='ocrx_word' id='word_1_249' title='bbox 630 3052 679 3105; x_wconf 89' lang='lat' dir='ltr'>sed</span> <span class='ocrx_word' id='word_1_250' title='bbox 693 3055 743 3106; x_wconf 78' lang='lat' dir='ltr'>tua</span> <span class='ocrx_word' id='word_1_251' title='bbox 757 3056 866 3122; x_wconf 76' lang='lat' dir='ltr'>sponte,</span> <span class='ocrx_word' id='word_1_252' title='bbox 885 3052 909 3105; x_wconf 89' lang='lat' dir='ltr'>si</span> <span class='ocrx_word' id='word_1_253' title='bbox 927 3069 984 3107; x_wconf 89' lang='lat' dir='ltr'>non</span> <span class='ocrx_word' id='word_1_254' title='bbox 1002 3068 1032 3106; x_wconf 92' lang='lat' dir='ltr'>es</span> <span class='ocrx_word' id='word_1_255' title='bbox 1051 3052 1135 3106; x_wconf 90' lang='lat' dir='ltr'>nimis</span> <span class='ocrx_word' id='word_1_256' title='bbox 1150 3053 1263 3121; x_wconf 74' lang='lat' dir='ltr'>stultam,</span> <span class='ocrx_word' id='word_1_257' title='bbox 1281 3071 1328 3109; x_wconf 88' lang='lat' dir='ltr'>me</span> 
     </span>
     <span class='ocr_line' id='line_1_31' title="bbox 315 3122 1419 3195; baseline 0.003 -18"><span class='ocrx_word' id='word_1_258' title='bbox 315 3138 423 3190; x_wconf 83' lang='lat' dir='ltr'>accusa,</span> <span class='ocrx_word' id='word_1_259' title='bbox 442 3139 486 3177; x_wconf 89' lang='lat' dir='ltr'>me</span> <span class='ocrx_word' id='word_1_260' title='bbox 506 3123 604 3177; x_wconf 88' lang='lat' dir='ltr'>eodem</span> <span class='ocrx_word' id='word_1_261' title='bbox 623 3122 739 3177; x_wconf 88' lang='lat' dir='ltr'>oonsilio</span> <span class='ocrx_word' id='word_1_262' title='bbox 757 3124 848 3192; x_wconf 83' lang='lat' dir='ltr'>pisces</span> <span class='ocrx_word' id='word_1_263' title='bbox 868 3139 1052 3193; x_wconf 75' lang='lat' dir='ltr'>comparasse,</span> <span class='ocrx_word' id='word_1_264' title='bbox 1071 3140 1127 3194; x_wconf 90' lang='lat' dir='ltr'>quo</span> <span class='ocrx_word' id='word_1_265' title='bbox 1145 3142 1212 3179; x_wconf 90' lang='lat' dir='ltr'>usus</span> <span class='ocrx_word' id='word_1_266' title='bbox 1228 3142 1328 3195; x_wconf 86' lang='lat' dir='ltr'>essem,</span> <span class='ocrx_word' id='word_1_267' title='bbox 1418 3127 1419 3168; x_wconf 63' lang='lat' dir='ltr'>i</span> 
     </span>
     <span class='ocr_line' id='line_1_32' title="bbox 315 3193 1327 3265; baseline 0.004 -18"><span class='ocrx_word' id='word_1_268' title='bbox 315 3194 339 3247; x_wconf 89' lang='lat' dir='ltr'>si</span> <span class='ocrx_word' id='word_1_269' title='bbox 357 3194 556 3262; x_wconf 86' lang='lat' dir='ltr'>medicamina,</span> <span class='ocrx_word' id='word_1_270' title='bbox 580 3209 652 3263; x_wconf 80' lang='lat' dir='ltr'>quoe</span> <span class='ocrx_word' id='word_1_271' title='bbox 671 3197 700 3249; x_wconf 75' lang='lat' dir='ltr'>et</span> <span class='ocrx_word' id='word_1_272' title='bbox 717 3194 802 3249; x_wconf 87' lang='lat' dir='ltr'>noxie</span> <span class='ocrx_word' id='word_1_273' title='bbox 820 3197 850 3249; x_wconf 76' lang='lat' dir='ltr'>el</span> <span class='ocrx_word' id='word_1_274' title='bbox 868 3193 1003 3248; x_wconf 75' lang='lat' dir='ltr'>salutarie</span> <span class='ocrx_word' id='word_1_275' title='bbox 1022 3211 1083 3248; x_wconf 88' lang='lat' dir='ltr'>esse</span> <span class='ocrx_word' id='word_1_276' title='bbox 1122 3194 1224 3265; x_wconf 72' lang='lat' dir='ltr'>osuini,</span> <span class='ocrx_word' id='word_1_277' title='bbox 1244 3196 1327 3251; x_wconf 87' lang='lat' dir='ltr'>emis-</span> 
     </span>
     <span class='ocr_line' id='line_1_33' title="bbox 315 3213 1328 3336; baseline 0.002 -18"><span class='ocrx_word' id='word_1_278' title='bbox 315 3282 380 3319; x_wconf 88' lang='lat' dir='ltr'>sem.</span> <span class='ocrx_word' id='word_1_279' title='bbox 426 3265 515 3319; x_wconf 85' lang='lat' dir='ltr'>Nemo</span> <span class='ocrx_word' id='word_1_280' title='bbox 546 3281 591 3318; x_wconf 88' lang='lat' dir='ltr'>mc</span> <span class='ocrx_word' id='word_1_281' title='bbox 623 3265 687 3320; x_wconf 91' lang='lat' dir='ltr'>ideo</span> <span class='ocrx_word' id='word_1_282' title='bbox 719 3266 874 3319; x_wconf 88' lang='lat' dir='ltr'>ueneficum</span> <span class='ocrx_word' id='word_1_283' title='bbox 906 3265 1060 3334; x_wconf 65' lang='lat' dir='ltr'>crederes!</span> <span class='ocrx_word' id='word_1_284' title='bbox 1085 3213 1241 3320; x_wconf 55' lang='lat' dir='ltr'>elleborum</span> <span class='ocrx_word' id='word_1_285' title='bbox 1267 3267 1328 3336; x_wconf 74' lang='grc' dir='ltr'>Ρφ</span> 
     </span>
     <span class='ocr_line' id='line_1_34' title="bbox 316 3336 1330 3407; baseline 0.005 -18"><span class='ocrx_word' id='word_1_286' title='bbox 316 3342 448 3391; x_wconf 65' lang='lat' dir='ltr'>seucum</span> <span class='ocrx_word' id='word_1_287' title='bbox 466 3336 515 3405; x_wconf 70' lang='lat' dir='ltr'>se</span> <span class='ocrx_word' id='word_1_288' title='bbox 538 3339 543 3406; x_wconf 80' lang='grc' dir='ltr'>ι</span> <span class='ocrx_word' id='word_1_289' title='bbox 564 3336 714 3405; x_wconf 76' lang='lat' dir='ltr'>perauctis.</span> <span class='ocrx_word' id='word_1_290' title='bbox 733 3337 846 3391; x_wconf 84' lang='lat' dir='ltr'>semisse</span> <span class='ocrx_word' id='word_1_291' title='bbox 864 3338 886 3391; x_wconf 83' lang='lat' dir='ltr'><strong>F</strong></span> <span class='ocrx_word' id='word_1_292' title='bbox 904 3338 996 3407; x_wconf 75' lang='lat' dir='ltr'>(prior</span> <span class='ocrx_word' id='word_1_293' title='bbox 1013 3336 1075 3391; x_wconf 77' lang='lat' dir='ltr'>lia</span> <span class='ocrx_word' id='word_1_294' title='bbox 1093 3338 1132 3392; x_wconf 77' lang='lat' dir='ltr'>zie.</span> <span class='ocrx_word' id='word_1_295' title='bbox 1148 3345 1285 3405; x_wconf 61' lang='lat' dir='ltr'>muru</span> <span class='ocrx_word' id='word_1_296' title='bbox 1302 3345 1330 3394; x_wconf 82' lang='lat' dir='ltr'>ct</span> 
     </span>
    </p>
   </div>
   <div class='ocr_carea' id='block_1_7' title="bbox 316 3410 1326 3531">
    <p class='ocr_par' dir='ltr' id='par_1_7' title="bbox 316 3410 1326 3531">
     <span class='ocr_line' id='line_1_35' title="bbox 316 3410 1326 3531; baseline 0.001 -16"><span class='ocrx_word' id='word_1_297' title='bbox 316 3461 403 3528; x_wconf 78' lang='lat' dir='ltr'>ultera</span> <span class='ocrx_word' id='word_1_298' title='bbox 420 3460 435 3514; x_wconf 84' lang='lat' dir='ltr'><strong>s</strong></span> <span class='ocrx_word' id='word_1_299' title='bbox 450 3476 530 3516; x_wconf 67' lang='lat' dir='ltr'>mosa</span> <span class='ocrx_word' id='word_1_300' title='bbox 554 3466 630 3529; x_wconf 48' lang='lat' dir='ltr'>seen&amp;</span> <span class='ocrx_word' id='word_1_301' title='bbox 655 3410 770 3531; x_wconf 68' lang='lat' dir='ltr'>paradis</span> <span class='ocrx_word' id='word_1_302' title='bbox 795 3460 936 3530; x_wconf 63' lang='lat' dir='ltr'>emissem</span> <span class='ocrx_word' id='word_1_303' title='bbox 1026 3465 1042 3512; x_wconf 85' lang='grc'><strong>9</strong></span> <span class='ocrx_word' id='word_1_304' title='bbox 1061 3459 1113 3513; x_wconf 89' lang='lat' dir='ltr'>hec</span> <span class='ocrx_word' id='word_1_305' title='bbox 1131 3460 1181 3529; x_wconf 71' lang='grc' dir='ltr'>Ρφ</span> <span class='ocrx_word' id='word_1_306' title='bbox 1198 3461 1253 3515; x_wconf 91' lang='lat' dir='ltr'>hoc</span> <span class='ocrx_word' id='word_1_307' title='bbox 1272 3462 1326 3516; x_wconf 79' lang='lat' dir='ltr'>Kr.</span> 
     </span>
    </p>
   </div>
   <div class='ocr_carea' id='block_1_8' title="bbox 314 3534 1329 3937">
    <p class='ocr_par' dir='ltr' id='par_1_8' title="bbox 314 3534 1329 3937">
     <span class='ocr_line' id='line_1_36' title="bbox 316 3534 1327 3654; baseline 0.001 -16"><span class='ocrx_word' id='word_1_308' title='bbox 316 3590 348 3638; x_wconf 78' lang='lat'>12</span> <span class='ocrx_word' id='word_1_309' title='bbox 368 3584 583 3653; x_wconf 84' lang='lat' dir='ltr'>repperiendum</span> <span class='ocrx_word' id='word_1_310' title='bbox 605 3584 626 3637; x_wconf 77' lang='lat' dir='ltr'>F</span> <span class='ocrx_word' id='word_1_311' title='bbox 649 3582 847 3653; x_wconf 88' lang='lat' dir='ltr'>reperiendum</span> <span class='ocrx_word' id='word_1_312' title='bbox 870 3604 891 3653; x_wconf 84' lang='grc' dir='ltr'><strong><em>φ</em></strong></span> <span class='ocrx_word' id='word_1_313' title='bbox 978 3589 1011 3637; x_wconf 84' lang='grc'>13</span> <span class='ocrx_word' id='word_1_314' title='bbox 1035 3534 1152 3637; x_wconf 51' lang='lat' dir='ltr'>stetdwd*</span> <span class='ocrx_word' id='word_1_315' title='bbox 1171 3586 1280 3639; x_wconf 60' lang='lat' dir='ltr'>eminio</span> <span class='ocrx_word' id='word_1_316' title='bbox 1304 3606 1327 3654; x_wconf 85' lang='grc' dir='ltr'>φ</span> 
     </span>
     <span class='ocr_line' id='line_1_37' title="bbox 315 3654 1327 3726; baseline 0.001 -17"><span class='ocrx_word' id='word_1_317' title='bbox 315 3657 390 3710; x_wconf 74' lang='lat' dir='ltr'>stato</span> <span class='ocrx_word' id='word_1_318' title='bbox 422 3656 562 3712; x_wconf 73' lang='lat' dir='ltr'>Rossbach</span> <span class='ocrx_word' id='word_1_319' title='bbox 594 3658 599 3725; x_wconf 84' lang='grc' dir='ltr'>Ι</span> <span class='ocrx_word' id='word_1_320' title='bbox 632 3654 849 3711; x_wconf 80' lang='lat' dir='ltr'>nomineuerunt</span> <span class='ocrx_word' id='word_1_321' title='bbox 880 3654 995 3711; x_wconf 80' lang='lat' dir='ltr'>Ooeuub.</span> <span class='ocrx_word' id='word_1_322' title='bbox 1028 3655 1253 3718; x_wconf 76' lang='lat' dir='ltr'>nominaueranc</span> <span class='ocrx_word' id='word_1_323' title='bbox 1271 3656 1327 3726; x_wconf 72' lang='grc' dir='ltr'>Εφ</span> 
     </span>
     <span class='ocr_line' id='line_1_38' title="bbox 318 3725 1328 3795; baseline 0.004 -17"><span class='ocrx_word' id='word_1_324' title='bbox 318 3732 350 3780; x_wconf 84' lang='grc'>16</span> <span class='ocrx_word' id='word_1_325' title='bbox 369 3726 471 3780; x_wconf 74' lang='lat' dir='ltr'>themis</span> <span class='ocrx_word' id='word_1_326' title='bbox 492 3742 641 3780; x_wconf 87' lang='lat' dir='ltr'>conseruus</span> <span class='ocrx_word' id='word_1_327' title='bbox 660 3726 709 3793; x_wconf 69' lang='lat' dir='ltr'>Fe</span> <span class='ocrx_word' id='word_1_328' title='bbox 818 3730 851 3779; x_wconf 86' lang='grc'>18</span> <span class='ocrx_word' id='word_1_329' title='bbox 870 3725 980 3780; x_wconf 78' lang='lat' dir='ltr'>inuenit</span> <span class='ocrx_word' id='word_1_330' title='bbox 997 3726 1051 3795; x_wconf 74' lang='lat' dir='ltr'>qu</span> <span class='ocrx_word' id='word_1_331' title='bbox 1076 3725 1173 3780; x_wconf 90' lang='lat' dir='ltr'>inueni</span> <span class='ocrx_word' id='word_1_332' title='bbox 1192 3727 1245 3781; x_wconf 88' lang='lat' dir='ltr'>Kr.</span> <span class='ocrx_word' id='word_1_333' title='bbox 1264 3744 1328 3782; x_wconf 74' lang='lat' dir='ltr'>mou</span> 
     </span>
     <span class='ocr_line' id='line_1_39' title="bbox 317 3796 1329 3865; baseline 0.001 -14"><span class='ocrx_word' id='word_1_334' title='bbox 317 3796 455 3853; x_wconf 79' lang='lat' dir='ltr'>Groelotio</span> <span class='ocrx_word' id='word_1_335' title='bbox 533 3802 566 3851; x_wconf 77' lang='lat'>20</span> <span class='ocrx_word' id='word_1_336' title='bbox 586 3796 795 3864; x_wconf 74' lang='lat' dir='ltr'>quicumquetp</span> <span class='ocrx_word' id='word_1_337' title='bbox 881 3802 914 3850; x_wconf 75' lang='lat'>21</span> <span class='ocrx_word' id='word_1_338' title='bbox 932 3798 966 3851; x_wconf 76' lang='lat' dir='ltr'>ut</span> <span class='ocrx_word' id='word_1_339' title='bbox 984 3799 1035 3851; x_wconf 74' lang='lat' dir='ltr'>aut</span> <span class='ocrx_word' id='word_1_340' title='bbox 1052 3796 1145 3865; x_wconf 87' lang='lat' dir='ltr'>ipsum</span> <span class='ocrx_word' id='word_1_341' title='bbox 1161 3796 1261 3851; x_wconf 90' lang='lat' dir='ltr'>uiuum</span> <span class='ocrx_word' id='word_1_342' title='bbox 1278 3798 1329 3853; x_wconf 87' lang='lat' dir='ltr'>uel</span> 
     </span>
     <span class='ocr_line' id='line_1_40' title="bbox 314 3865 1328 3937; baseline 0.004 -17"><span class='ocrx_word' id='word_1_343' title='bbox 314 3868 456 3920; x_wconf 76' lang='lat' dir='ltr'>mortuum</span> <span class='ocrx_word' id='word_1_344' title='bbox 479 3867 642 3934; x_wconf 79' lang='lat' dir='ltr'>ostendant,</span> <span class='ocrx_word' id='word_1_345' title='bbox 670 3867 720 3918; x_wconf 74' lang='lat' dir='ltr'>eut</span> <span class='ocrx_word' id='word_1_346' title='bbox 743 3865 767 3920; x_wconf 87' lang='lat' dir='ltr'>si</span> <span class='ocrx_word' id='word_1_347' title='bbox 785 3865 817 3920; x_wconf 85' lang='lat' dir='ltr'>id</span> <span class='ocrx_word' id='word_1_348' title='bbox 834 3866 1007 3937; x_wconf 78' lang='lat' dir='ltr'>nequierint,</span> <span class='ocrx_word' id='word_1_349' title='bbox 1035 3867 1094 3921; x_wconf 89' lang='lat' dir='ltr'>eius</span> <span class='ocrx_word' id='word_1_350' title='bbox 1117 3867 1187 3921; x_wconf 88' lang='lat' dir='ltr'>mihi</span> <span class='ocrx_word' id='word_1_351' title='bbox 1205 3867 1328 3925; x_wconf 81' lang='lat' dir='ltr'>formam</span> 
     </span>
    </p>
   </div>
   <div class='ocr_carea' id='block_1_9' title="bbox 0 0 1572 4617">
    <p class='ocr_par' dir='ltr' id='par_1_9' title="bbox 0 0 1572 4617">
     <span class='ocr_line' id='line_1_41' title="bbox 0 0 1572 4617; baseline 0 0"><span class='ocrx_word' id='word_1_352' title='bbox 0 0 1572 4617; x_wconf 95' lang='lat' dir='ltr'> </span> 
     </span>
    </p>
   </div>
  </div>
 </body>
</html>
