3125 4617
340 539 403 603 180
614 543 643 596 L.
663 540 798 597 nevum
814 543 1073 603 Mnnnvuuusls

230 648 321 689 ireos
336 647 350 688 r.
366 649 411 688 ras
1295 657 1337 698 m
1350 655 1421 698 orons

337 727 396 767 non
429 727 511 769 secus
543 713 574 770 et
604 711 678 770 mihi
708 711 798 772 liceat
829 715 943 773 nullam
974 717 1170 793 longinquam
1198 719 1229 776 et
1251 721 1395 784 traua-(e)

337 799 483 856 marinam
506 800 659 859 unitatem
688 801 749 876 hic,
779 803 830 862 sed
860 804 938 862 enim
967 804 1062 880 ipsius
1088 805 1281 883 Carthaginis
1301 809 1349 865 uel

338 888 450 946 curiam
472 890 521 948 uel
542 889 761 965 bybliothecam
784 892 970 952 substituere.
1007 894 1102 970 igitur
1118 893 1244 970 proinde
1261 897 1421 960 heleian

335 979 412 1052 tote,
445 979 471 1036 si
500 980 581 1037 cruia
612 979 703 1056 digna
733 982 898 1056 protulero,
929 985 964 1041 ut
991 984 1017 1040 ei
1043 984 1076 1040 in
1103 984 1169 1060 ipsa
1197 985 1282 1044 curia
1303 1003 1350 1043 me

333 1066 478 1127 audiatis:
501 1067 526 1128 si
550 1069 666 1127 erudita
688 1070 808 1144 fuerint,
831 1073 866 1129 nt
888 1071 914 1129 ai
936 1072 968 1128 in
989 1071 1180 1146 bybliotheca
1202 1074 1348 1151 legantur.
1372 1095 1383 1134 s

333 1177 394 1234 quo
417 1159 532 1217 utinam
549 1159 623 1216 mihi
645 1177 700 1234 pro
719 1159 915 1235 amplitudine
934 1157 1075 1218 auditorii
1092 1162 1211 1236 prolixa
1228 1165 1329 1222 oratio
1341 1158 1349 1239 y'

333 1249 506 1323 suppeteret
529 1265 563 1306 ac
585 1265 645 1307 non
665 1247 712 1306 hic
731 1249 859 1306 maxime
878 1248 1035 1323 clauderet,
1058 1249 1111 1307 uhi
1132 1268 1180 1308 me
1199 1251 1348 1311 facundie

335 1338 443 1396 simum
465 1338 614 1412 cuperem!
646 1335 697 1395 scd
720 1354 825 1408 uerum
847 1340 893 1396 est
913 1338 1055 1414 profecto,
1080 1339 1131 1413 qui
1155 1339 1250 1414 airmt,
1274 1341 1349 1399 nihil

336 1426 493 1501 quicquam
520 1425 632 1483 homini
659 1428 722 1484 tam
749 1443 924 1502 prosperum
952 1425 1098 1486 diuinitus
1129 1425 1247 1503 datrnn,
1279 1430 1350 1504 quin

336 1515 363 1573 ei
385 1516 483 1572 tamen
509 1513 672 1572 admixtum
694 1515 734 1573 sit
762 1514 876 1590 aliquid
906 1513 1104 1589 difficultatis,
1133 1519 1169 1575 ut
1198 1518 1293 1576 etiam
1315 1520 1346 1575 in
1359 1537 1381 1575 ro

332 1603 520 1678 amplissima
549 1621 664 1679 quaque
698 1604 818 1662 laetitia
849 1604 945 1663 subsit
978 1605 1136 1679 quaepiam
1170 1606 1221 1663 uel
1257 1625 1351 1682 paruo

333 1692 520 1767 querimonia
557 1693 765 1770 coniugatione
803 1692 931 1767 quadam
966 1693 1064 1751 mellis
1101 1696 1133 1751 ct
1167 1694 1264 1753 fellis:
1299 1695 1349 1752 uhi

242 1795 258 1836 r.
273 1795 320 1837 cao.
334 1782 415 1856 uber,
437 1782 481 1839 ibi
502 1781 596 1841 tuber.
633 1782 664 1839 id
684 1799 738 1859 ago
762 1799 828 1838 crnn
851 1784 921 1840 aute
944 1782 1020 1840 alias
1040 1773 1044 1861 Ι
1064 1784 1130 1839 tum
1153 1783 1247 1841 etiam
1270 1803 1349 1841 nuno

335 1873 600 1948 inpraesentiarum
629 1889 685 1930 usu
715 1870 857 1945 experior.
902 1887 973 1928 nam
1000 1873 1112 1945 quanto
1134 1869 1240 1930 mdeor
1262 1873 1350 1947 plina

336 1962 415 2039 apud
437 1979 491 2020 uos
514 1961 621 2021 habere
645 1959 683 2017 ad
701 1959 986 2018 commendationem
1004 1959 1160 2035 suffragia
1177 1961 1266 2019 tanto
1285 1980 1349 2020 sum
1362 1978 1384 2018 n

335 2053 374 2111 ad
403 2049 558 2110 dicendum
587 2050 681 2108 nimia
709 2049 882 2107 reuerentia
906 2049 999 2106 uestri
1028 2048 1208 2122 cunctatior,
1239 2052 1271 2108 et
1300 2049 1398 2124 quire)

333 2160 425 2220 penes
447 2140 590 2200 amatos
609 2155 819 2214 saepenumero
837 2137 1058 2212 promptissime
1077 2136 1254 2212 disceptem,
1272 2137 1350 2196 idem

335 2251 415 2291 nunc
435 2247 525 2306 penes
548 2246 628 2286 meos
651 2225 766 2284 haesito
791 2243 833 2298 ac,
855 2225 964 2283 mirum
986 2223 1077 2299 dictu,
1100 2226 1175 2300 ipsis
1193 2225 1349 2285 inlecebris

336 2324 485 2382 deterreor
509 2320 538 2378 et
561 2315 689 2376 stimulis
712 2314 845 2373 refrenor
864 2315 894 2372 et
911 2313 1113 2374 incitamentis
1132 2313 1280 2373 cohibeor.
1315 2335 1351 2373 an

336 2432 395 2471 non
418 2409 514 2469 multa
535 2405 609 2464 mihi
638 2402 716 2479 apud
743 2419 797 2461 uos
825 2401 1032 2461 adhortamina
1062 2405 1239 2478 suppetunt,
1274 2403 1385 2478 quoda

337 2521 402 2560 sum
429 2498 513 2557 uobis
541 2513 595 2554 nec
620 2494 682 2551 lare
710 2491 824 2550 alienus
854 2509 908 2550 nec
936 2491 1066 2566 pueritia
1095 2492 1270 2550 inuisitatas
1297 2511 1350 2550 nec

336 2588 490 2666 magistris
522 2583 694 2660 peregrinus
727 2598 781 2640 nac
812 2582 893 2639 aeda
923 2580 1092 2656 incognitus
1125 2599 1178 2638 nec
1205 2599 1279 2639 uoce
1307 2583 1351 2639 in-

339 2677 457 2738 auditus
490 2693 543 2732 nec
572 2673 656 2731 libris
688 2671 815 2728 inlectus
849 2666 1091 2744 improbatusue'?
1137 2670 1182 2727 ita
1213 2669 1291 2726 mihi
1323 2672 1352 2727 et

336 2766 437 2845 patria
458 2765 490 2822 iu
513 2761 637 2820 concilio
659 2759 790 2833 Africae,
812 2757 843 2816 id
867 2760 911 2817 est
934 2760 1042 2831 uestro,
1066 2760 1097 2815 et
1118 2758 1249 2832 pueritia
1273 2756 1352 2832 apud

338 2874 391 2917 nos
415 2855 445 2913 et
473 2850 610 2926 magistri
640 2866 693 2906 uos
724 2850 754 2905 et
784 2849 878 2920 sacta,
907 2847 978 2905 licet
999 2845 1126 2904 Athenis
1149 2844 1261 2904 Atticis
1286 2863 1385 2905 con-a

338 2945 470 3015 firmata,
501 2941 600 2996 tamen
633 2936 681 2993 hic
712 2935 852 2994 inchoata
884 2937 945 3008 est,
975 2937 1005 2993 et
1035 2953 1095 2993 uox
1125 2952 1192 2992 maa
1224 2937 1351 3010 utraque

414 3115 447 3164 es
467 3106 501 3161 ef.
521 3105 587 3159 Mer.
608 3104 620 3157 Ι
639 3110 682 3172 aa,
701 3123 728 3173 p.
749 3108 818 3157 eor

412 3277 427 3323 2
447 3265 631 3335 Karthaginis
650 3265 671 3318 F
691 3261 850 3332 cartaginis
870 3284 891 3330 φ
946 3269 962 3314 3
981 3261 1194 3330 bybliothecam
1211 3263 1233 3316 F
1253 3263 1353 3316 biblio-

340 3381 424 3436 theca
452 3395 473 3444 φ
501 3375 565 3427 item
596 3373 674 3439 infre
706 3387 747 3424 os.
776 3376 792 3423 5
820 3370 854 3435 cf.
883 3368 963 3437 Apol.
993 3372 1066 3420 ’(0.2
1105 3371 1109 3433 Ι
1148 3335 1303 3424 adstituere
1334 3369 1353 3422 ll

342 3459 358 3506 6
377 3463 433 3518 quo
445 3445 497 3514 aa
510 3444 593 3570 §aad
606 3441 716 3496 utinam
729 3442 820 3496 editur
833 3439 913 3508 Apol.
923 3456 951 3508 p.
963 3444 1036 3505 219,
1051 3437 1159 3525 telino„
1178 3458 1205 3510 p.
1222 3445 1247 3493 6.
1258 3446 1295 3494 24
1308 3439 1352 3522 ¹¹1:

342 3530 367 3582 et
385 3520 419 3572 de
439 3517 491 3570 deo
530 3517 615 3569 octat.
635 3511 707 3567 Prol.
726 3529 753 3582 p.
774 3517 798 3564 3.
810 3515 844 3564 25
863 3509 982 3580 (Goldt.)
1045 3511 1224 3579 nauperes
1281 3517 1317 3566 10
1330 3527 1367 3580 a,

341 3637 523 3714 samsucio
551 3659 572 3709 φ
638 3643 669 3691 11
698 3635 791 3689 retias
813 3632 862 3702 aa
927 3639 959 3685 12
986 3632 1037 3685 uu
1063 3601 1231 3701 uastatur
1247 3637 1354 3708 arear]

342 3723 364 3776 F
386 3713 437 3769 ubi
463 3710 556 3792 ubeprj
572 3707 733 3830 Bilbilim
760 3725 800 3785 φι
879 3710 911 3755 13
934 3705 1001 3756 ante
1027 3703 1098 3786 alias
1121 3706 1261 3829 aolffiiin
1284 3706 1354 3761 aliae

345 3796 377 3847 γι
397 3783 554 3850 disceptem
602 3798 624 3846 φ
652 3778 802 3828 dissertans
825 3773 945 3851 Wcrocr¹
1027 3779 1061 3826 18
1084 3774 1175 3829 mlece
1221 3777 1354 3831 sllrlle

344 3855 433 3917 cebris
452 3871 474 3920 φ
556 3849 589 3901 19
609 3845 729 3928 simultis
748 3843 800 3910 Frp
884 3841 1048 3898 241der'oo
1066 3843 1089 3896 1⁴¹
1107 3845 1138 3897 id
1156 3848 1202 3900 eat
1218 3851 1317 3902 aedito
1334 3868 1354 3917 φ

345 3937 378 3987 26
397 3927 517 3991 utraque
535 3938 556 3986 φ

756 4236 817 4285 1„
850 4128 1021 4286 m
