3125 4617
316 521 381 589 124
592 522 622 577 L.
641 520 774 576 APVLEI
791 521 1051 578 MADAVRENSIS

209 635 225 675 r.
239 631 300 677 raca.
314 633 332 674 r.
346 635 392 675 sea.
1281 633 1375 674 nucu

246 693 300 754 011
381 691 457 762 Quid
481 693 572 751 etiam
595 695 649 767 est,
671 691 848 767 Aemiliane,
872 691 951 768 quod
973 711 1033 752 non
1052 695 1083 752 te
1101 693 1202 752 iudice
1221 695 1340 754 refuta·

315 779 430 841 aerim?
471 781 550 858 quod
576 781 706 858 pretium
733 782 850 858 magiae
876 799 959 840 meae
988 781 1161 858 repperisti,
1194 801 1251 841 cur
1282 803 1340 862 ego

316 870 504 931 Pudentillae
528 871 659 929 animum
686 869 837 929 ueneficiis
864 869 1033 930 flecterem?
1075 870 1155 946 quod
1177 874 1216 930 ut
1238 892 1280 931 ex
1304 893 1340 932 ea

316 959 502 1020 commodum
533 956 688 1036 caperem?
733 960 780 1016 uti
812 959 912 1018 dotem
943 959 1017 1017 mihi
1048 958 1198 1018 modicam
1229 963 1340 1037 potius
1417 1030 1418 1033 Ἴ

317 1070 407 1126 quam
430 1049 560 1125 amplam
582 1045 713 1107 diceret?
750 1048 939 1124 opraeolara
962 1049 1107 1107 carmina!
1144 1068 1183 1107 an
1208 1053 1244 1108 ut
1270 1070 1340 1110 eam
1365 1072 1376 1110 s

317 1140 416 1199 dotem
437 1137 508 1197 filiis
531 1137 592 1197 suis
614 1137 710 1214 magis
733 1137 962 1212 restipularetur
985 1157 1076 1213 quam
1102 1157 1194 1214 penes
1222 1159 1275 1198 me
1300 1141 1340 1199 si-

316 1224 420 1287 neret?
461 1225 533 1302 quid
563 1224 632 1284 addi
659 1225 697 1283 ad
724 1224 800 1283 hauc
822 1228 954 1303 magiam
975 1225 1097 1303 potest?
1137 1247 1177 1284 an
1200 1229 1248 1286 uti
1273 1248 1341 1288 rem

316 1316 495 1376 familiarem
522 1333 606 1374 suam
628 1332 694 1373 meo
719 1313 879 1374 adhortatu
902 1315 1075 1391 pleramque
1097 1314 1169 1376 filiis
1192 1334 1262 1375 oum
1287 1317 1339 1377 do-

317 1407 430 1479 nasset,
458 1421 533 1480 quae
563 1403 639 1461 nihil
666 1403 727 1463 illis
756 1406 825 1463 ante
851 1423 899 1462 me
921 1405 1061 1463 maritum
1089 1406 1190 1464 fuerat
1213 1405 1339 1484 largita,

316 1493 391 1554 mihi
420 1487 536 1572 (nihil)
565 1493 724 1568 quicquam
754 1491 941 1569 impertiret?
987 1512 1004 1552 o
1034 1513 1126 1571 graue
1156 1494 1339 1554 ueneficium
1352 1518 1380 1557 ro

317 1583 414 1642 dicam
438 1602 475 1641 an
498 1580 866 1658 ingratum'benedcium?
912 1602 950 1640 an
972 1585 1008 1640 ut
1028 1586 1226 1659 testamento,
1255 1585 1337 1659 quod
1351 1601 1406 1652 (coi)

318 1673 396 1731 irata
417 1670 480 1730 filio
504 1671 664 1747 scribebat,
690 1669 787 1728 filium
808 1671 909 1748 potius
932 1672 981 1730 cui
1003 1672 1115 1736 offensa
1138 1675 1220 1749 erat,
1244 1691 1338 1749 quam

318 1781 365 1822 me
388 1762 436 1821 cui
458 1761 596 1820 domnola
617 1759 755 1818 heredem
775 1759 977 1836 relinqueret?
1006 1760 1063 1819 hoc
1085 1760 1207 1836 quidem
1231 1764 1337 1822 multis

226 1867 241 1908 r.
256 1868 305 1908 sea.
321 1850 538 1912 cantaminibus
568 1848 688 1908 difficile
719 1849 887 1926 impetraui.
941 1852 1062 1926 putata,
1091 1842 1096 1930 1
1125 1868 1181 1909 uos
1214 1869 1338 1911 causam
1420 1870 1421 1895 ¹

318 1961 378 2001 non
408 1939 487 2018 apud
518 1937 675 1998 claudium
696 1937 860 1996 Maximum
890 1956 993 2016 agere,
1022 1940 1121 1997 uirum
1151 1958 1285 2015 aequum
1308 1945 1337 2000 et
1351 1959 1378 2002 ιε
1421 1990 1422 2001 ,

318 2031 452 2091 iustitiae
474 2029 664 2107 pertinacem,
688 2027 738 2086 sed
757 2027 849 2085 alium
868 2028 998 2103 aliquem
1015 2047 1143 2105 prauum
1161 2030 1193 2088 et
1211 2047 1337 2089 saeuum
1421 2034 1422 2039 ’

318 2120 447 2179 iudicem
470 2118 650 2193 substituite,
674 2117 895 2175 accusationum
917 2118 1075 2192 fautorem,
1097 2116 1243 2194 cupidum
1266 2133 1423 2184 con-prim

320 2207 491 2269 damnandi:
515 2207 582 2266 date
606 2206 634 2265 ei
657 2204 737 2280 quod
760 2199 771 2284 ΙΙ
794 2208 944 2280 sequatur,
966 2207 1136 2266 ministrate
1158 2207 1210 2265 uel
1234 2211 1336 2267 tantu·

319 2300 380 2358 lam
407 2296 598 2358 uerisimilem
627 2294 810 2354 occasionem
839 2295 999 2354 secundum
1027 2313 1082 2354 uos
1108 2297 1336 2370 pronuntiandi

320 2388 420 2448 saltim
438 2386 541 2464 fingite
561 2382 683 2460 aliquid,
706 2383 913 2444 eminiscimini
937 2383 1016 2459 quod
1037 2382 1261 2462 respondeatis,
1285 2388 1374 2462 quiae
1422 2382 1423 2435 i

319 2495 373 2536 uos
395 2477 439 2535 ita
461 2475 584 2552 rogarit.
630 2475 660 2532 et
682 2473 823 2548 quoniam
845 2491 961 2531 omnem
985 2477 1124 2532 conatum
1146 2491 1268 2534 neccsse
1291 2478 1337 2534 est

321 2565 478 2642 quaepiam
500 2582 589 2624 causa
611 2559 785 2640 praecedat,
814 2560 1005 2637 respondete,
1028 2563 1080 2638 qui
1101 2560 1269 2638 Apuleium
1292 2564 1338 2624 di·

321 2655 388 2714 citis
416 2653 547 2711 animum
574 2650 762 2710 Pudentillae
790 2652 914 2728 magicis
946 2651 1156 2710 illectamentis
1186 2652 1337 2730 adortum,

393 2847 425 2895 11
446 2839 480 2894 cf.
499 2837 598 2893 haber.
619 2843 678 2892 135.

393 3045 408 3093 2
427 3033 576 3107 repperisti
589 3035 611 3088 F
629 2993 759 3104 reiirisci
773 3033 808 3101 of.
822 3051 850 3102 p.
866 3037 975 3099 iaaac,
990 3037 1041 3087 598
1061 3031 1092 3088 Ο.
1106 3051 1134 3103 p.
1147 3039 1208 3089 111.
1221 3040 1255 3089 12
1265 3037 1313 3092 Kr.
1331 3037 1336 3109 Ι

321 3167 385 3239 ego]
401 3181 467 3236 ergo
485 3163 507 3216 F
526 3139 546 3233 ἓ
564 3181 585 3231 φ
641 3159 778 3214 ediceret
795 3158 844 3227 Fu
900 3162 916 3211 8
931 3156 1116 3212 condonasset
1133 3159 1183 3228 Fu
1203 3177 1270 3214 cum
1287 3161 1338 3216 do-

321 3240 417 3294 nasset
435 3235 557 3291 Boaacho
575 3232 746 3288 condonaret
763 3230 898 3285 Pmcoeua
969 3233 1003 3282 10
1016 3229 1131 3313 <nihil>
1149 3232 1259 3287 irasmi
1276 3249 1338 3287 eum

321 3313 436 3366 Pucoco
466 3310 470 3378 Ι
499 3305 625 3378 imptiret
642 3304 692 3373 Fu
719 3301 879 3371 impartiret
896 3301 948 3355 Kr.
1053 3306 1087 3354 12
1106 3304 1181 3355 irata
1198 3302 1251 3372 Ρφ
1271 3307 1338 3375 (eoo

321 3383 404 3452 irato)
483 3384 515 3432 1³
533 3392 579 3431 me
597 3376 654 3447 cui]
672 3388 782 3427 mecum
800 3372 850 3441 Εφ
927 3376 961 3424 14
980 3371 1186 3426 cantaminibus
1204 3373 1257 3443 Pp
1276 3391 1339 3429 car-

320 3454 444 3510 minibus
452 3452 504 3507 Kr.
516 3450 550 3517 cs.
560 3467 587 3519 p.
600 3451 691 3513 36.10,
705 3449 757 3498 lca
766 3442 796 3498 Ο.
806 3460 834 3512 p.
845 3447 886 3496 36.
899 3447 913 3494 1
924 3442 971 3496 Kr.
1019 3448 1052 3496 15
1067 3441 1107 3497 Ol.
1119 3442 1338 3516 Maximume

323 3587 356 3636 17
376 3549 560 3634 sutituiteP
588 3576 594 3644 Ι
622 3571 761 3626 fautorem
780 3568 861 3638 (inter
878 3566 892 3617 t
909 3572 934 3620 ct
952 3581 968 3618 o
987 3567 1084 3622 chorte
1097 3568 1244 3637 perforata
1261 3570 1337 3642 aad!

322 3683 480 3777 cupidu³F
510 3703 515 3770 1
544 3690 809 3777 condempnandilf
916 3692 950 3768 ².⁰
978 3688 1074 3772 saltim
1095 3671 1245 3774 1⁸¹·aa1t,e³
1249 3725 1262 3764 J
1285 3714 1308 3777 φ

322 3771 519 3832 eminiscimini
537 3770 586 3838 Ρφ
603 3771 607 3836 Ι
622 3779 745 3834 cooperor
762 3762 859 3827 suem:
890 3757 958 3828 (ai)
981 3775 1031 3824 qm
1053 3777 1104 3815 uos
1125 3764 1310 3833 mterrogant

321 3847 371 3914 qui
389 3845 439 3912 Ρφ
458 3845 495 3896 aa
518 3839 602 3892 uerba
625 3827 879 3897 saltim-rogarit
895 3827 989 3895 mol*
1013 3831 1100 3884 adeor.
1120 3831 1140 3883 d
1231 3839 1266 3887 23
1286 3833 1336 3889 ad-

320 3917 433 3968 hortum
451 3912 473 3963 F
491 3908 640 3972 adhortum
658 3924 680 3972 φ
