3125 4617
653 519 813 574 snorum
943 573 948 582 ,
1178 523 1241 587 173

146 660 153 670 .
176 629 282 670 oudone.
1162 631 1178 671 f.
1193 633 1254 672 raas„
1267 632 1283 672 r.
1297 634 1348 678 rra,

225 709 318 765 quam
335 689 463 764 patricio
481 688 644 747 consulatu.
682 688 860 763 quibusnam
874 688 972 747 uerbis
985 689 1052 763 tibi,
1069 690 1237 750 Aemiliane

226 778 349 852 Strabo,
371 779 420 836 uir
442 778 587 852 omnium,
611 781 682 852 quot
707 796 839 851 unquam
865 778 987 836 fuerunt
1014 781 1066 836 aut
1092 783 1162 838 sunt
1185 784 1238 839 aut

226 869 319 926 etiam
348 869 447 942 erunt,
479 867 558 926 inter
587 867 715 941 optimos
743 866 918 940 clarissime,
949 867 1029 926 inter
1059 867 1238 928 clarissimos

226 957 357 1033 optime,
385 957 463 1014 inter
486 959 627 1030 utrosque
649 954 834 1029 doctissime,
865 955 971 1029 quibus
998 955 1118 1015 tandem
1140 958 1238 1017 uerbis

199 1065 282 1121 apro
305 1045 361 1104 hoc
384 1048 436 1103 tuo
461 1064 531 1121 erga
559 1063 607 1102 me
637 1044 737 1102 animo
760 1045 874 1121 gratias
903 1045 1040 1104 habiturn
1062 1051 1090 1104 et
1113 1064 1238 1105 comme-

166 1149 211 1202 (η)
226 1136 378 1193 moratum
407 1152 485 1207 eam,
514 1153 572 1208 qua
600 1132 692 1209 digna
718 1133 834 1191 ratione
857 1137 920 1191 tam
947 1128 952 1212 Ι
976 1133 1168 1194 honorificam
1189 1134 1239 1194 be·
1253 1154 1269 1194 r
1284 1154 1332 1192 irs.

226 1223 409 1300 nignitatem
440 1225 525 1280 tuam
561 1221 717 1294 celebrem,
755 1241 815 1297 qua
850 1223 1086 1283 remuneratione
1123 1223 1241 1283 dicendi

227 1312 356 1388 gloriam
385 1311 433 1370 tui
463 1311 537 1368 facti
569 1311 770 1386 aequiparem,
802 1311 935 1370 horedum
965 1312 1063 1370 hercle
1094 1314 1239 1388 repperio.

227 1401 280 1460 sed
304 1419 446 1476 quaeram
468 1400 570 1458 sedulo
594 1402 624 1457 et
646 1399 775 1458 conitar:

188 1511 213 1550 ιο
317 1489 389 1548 dum
402 1508 514 1548 memor
527 1489 591 1563 ipse
604 1489 672 1562 mei,
686 1487 757 1546 dum
771 1489 894 1563 spiritua
907 1488 962 1548 hos
975 1491 1055 1566 regit
1069 1492 1160 1548 artus.

226 1599 299 1636 nam
325 1597 405 1637 nune
435 1578 703 1654 inpraesentiarum
726 1609 770 1617 —
793 1597 888 1652 neque
918 1579 997 1637 enim
1026 1578 1175 1638 diffitebor
1201 1610 1238 1619 —

146 1668 347 1726 semlaetitia
368 1666 524 1726 facundiae
548 1666 708 1742 obstrepit,
738 1669 768 1724 et
798 1667 941 1743 cogitatio
971 1667 1126 1742 uoluptate
1148 1669 1240 1744 impe·

228 1757 321 1830 ditur,
344 1774 379 1814 ac
401 1774 483 1814 mens
507 1758 651 1830 occupata
674 1754 870 1813 delectatione
892 1756 1009 1814 mauult
1031 1751 1240 1834 [inpraesenti-

228 1839 328 1923 arum]
344 1845 472 1922 gaudere
488 1864 577 1919 quam
590 1843 770 1920 praedicare.
800 1844 871 1918 quid
884 1842 1012 1902 faciam?
1034 1846 1121 1920 cupio
1135 1847 1240 1922 gratus

189 1957 214 1997 15
229 1933 335 2007 uideri,
358 1933 410 1992 sed
431 1953 503 2011 prae
526 1933 635 2010 gaudio
654 1932 786 1992 nondum
802 1933 878 1990 mihi
895 1936 985 1992 uacat
1008 1934 1122 2010 gratias
1143 1953 1239 2011 agere.

228 2042 316 2082 nemo
340 2043 401 2096 me,
428 2040 514 2082 nemo
537 2042 572 2081 ex
599 2022 660 2081 illis
683 2022 866 2081 tristioribus
889 2022 965 2080 uelit
985 2022 1018 2079 in
1041 2023 1099 2082 isto
1123 2024 1240 2097 uitupe-

227 2131 305 2186 rare,
324 2111 403 2187 quod
416 2111 558 2170 honorem
576 2131 675 2170 meum
688 2129 747 2168 non
761 2111 860 2169 minus
873 2112 1003 2184 intellcpo
1018 2131 1109 2186 quarn
1120 2130 1241 2186 mereor,

229 2200 310 2276 quod
328 2201 486 2260 clarissimi
504 2204 535 2259 et
553 2200 747 2259 eruditissimi
765 2201 825 2257 uiri
842 2202 928 2259 tanto
942 2201 1113 2260 testimonio
1127 2200 1241 2260 exulto:

230 2291 341 2366 quippe
361 2290 566 2348 testimonium
588 2289 663 2346 mihi
684 2288 837 2364 perhibuit
858 2289 891 2346 in
913 2289 995 2347 curia
1015 2287 1240 2366 Carthaginien·

189 2381 309 2440 sosium
340 2397 400 2438 non
431 2379 529 2437 minus
565 2377 837 2454 splendidissimum
873 2397 963 2453 quam
997 2378 1243 2455 benignissimum

230 2469 279 2526 uir
302 2467 474 2540 consularis,
496 2468 545 2526 cui
568 2468 659 2526 etiam
681 2469 787 2526 notum
804 2485 867 2526 esse
885 2467 1092 2526 tantummodo
1110 2485 1241 2526 summus

230 2557 326 2616 honor
349 2558 406 2616 est:
433 2556 459 2632 is
482 2557 574 2615 etiam
596 2555 734 2614 laudator
756 2555 831 2613 mihi
854 2555 935 2631 apud
955 2557 1104 2632 principes
1122 2556 1242 2615 Africae

172 2662 215 2715 (ra)
230 2647 312 2704 uiros
335 2645 463 2720 quodam
492 2644 579 2704 modo
603 2645 709 2704 astitit
754 2664 837 2718 nam,
866 2646 901 2703 ut
927 2646 1104 2720 comperior,
1133 2646 1242 2704 nudius

229 2735 337 2794 tertius
360 2734 461 2792 libello
484 2735 583 2807 missa,
605 2753 659 2808 per
682 2753 770 2808 quem
788 2733 961 2810 postulabat
983 2735 1081 2793 locum
1099 2735 1242 2794 celebrem

303 2873 337 2921 10
355 2866 412 2921 Ver
433 2909 438 2921 .
458 2867 526 2922 Aen.
546 2867 585 2920 IV
600 2872 659 2921 336.
773 2876 774 2885 ’

303 2945 336 2993 re
356 2937 391 2994 cf.
442 2941 477 2993 et.
497 2938 523 2990 x
543 2945 585 3005 ra,
603 2957 629 3007 p.
650 2944 745 2993 aare.

303 3063 528 3134 2,q’1·rqu?a,o
555 3065 596 3133 (ia
621 3063 711 3130 spatio
736 3079 826 3117 cacco
850 3064 952 3133 relecto)
978 3063 1054 3130 quod
1079 3061 1240 3132 uminaFl

230 3135 346 3188 fuerunt
364 3135 480 3187 autsunt
499 3155 520 3202 φ
544 3133 658 3187 fuerunt
677 3133 724 3187 aui
744 3137 811 3186 sunt
828 3135 849 3187 F
940 3140 955 3188 5
974 3133 1104 3187 habitum
1122 3135 1151 3185 et
1169 3148 1243 3184 com-

229 3207 416 3259 memoratum
435 3221 512 3274 eam,
531 3205 647 3260 Salmas,
666 3205 768 3258 habitu
787 3222 816 3258 ea
836 3207 1054 3259 commemoratu
1071 3207 1134 3257 mea
1152 3203 1174 3254 F
1192 3203 1241 3255 ha·

230 3277 294 3332 biti
321 3293 350 3330 es
374 3278 592 3331 comemoratum
616 3283 719 3345 mean
810 3281 826 3328 8
851 3275 977 3329 handum
995 3276 1048 3330 Kr.
1068 3274 1173 3327 andum
1191 3274 1242 3341 For

231 3403 314 3470 (inp
337 3401 370 3454 io
390 3417 439 3471 mp.
463 3418 513 3457 scr.
532 3417 566 3454 m.
586 3417 608 3454 r.
629 3378 658 3458 cd
676 3400 782 3468 nondfi)
808 3402 812 3467 Ι
837 3398 964 3468 repperio
987 3399 1009 3451 l*
1099 3405 1115 3451 9
1135 3397 1243 3452 conitar

231 3472 310 3541 F¹p¹
365 3469 792 3543 13[inpracsentiarum]'secleeae'
851 3470 1100 3540 1ogralisFo10f.
1111 3488 1138 3538 p.
1152 3474 1242 3535 1705,

233 3548 267 3597 66
287 3541 328 3610 0,
368 3549 465 3598 .21.7'
480 3541 632 3613 Kr.(l'lor.)
711 3549 742 3595 17
762 3541 898 3611 intellego
916 3557 1002 3609 quam
1019 3557 1127 3594 mereor
1144 3541 1245 3608 scripsi

231 3632 293 3668 cum
362 3616 439 3670 crido
469 3629 578 3668 mereor
610 3629 697 3683 quam
730 3611 867 3682 intellego
894 3613 943 3682 Frp
976 3629 1074 3666 uereor
1102 3612 1154 3666 Kr.
1182 3629 1244 3666 cum

231 3687 347 3768 walpoto
427 3690 459 3739 18
480 3685 615 3740 exultoF
693 3691 725 3737 19
746 3682 1031 3754 Cartaginensiump
1099 3688 1134 3735 20
1153 3682 1244 3752 splen·

233 3756 690 3827 &dissimum-benignissimum
703 3757 802 3824 scripsi
816 3754 1047 3825 splendidissima
1056 3754 1243 3824 -benignis-

234 3829 304 3881 sima
324 3828 373 3897 Pp
390 3830 394 3896 Ι
410 3846 466 3883 non
485 3846 544 3896 ῃφ
617 3833 651 3882 23
671 3827 827 3897 comperior
844 3828 865 3880 F
884 3829 931 3882 scd
947 3827 1063 3895 fortasse
1080 3843 1141 3880 rm.
1157 3845 1178 3880 r.
1194 3826 1243 3880 ad·

233 3900 295 3953 dito
367 3905 401 3952 24
420 3899 598 3975 cplebreml'
