3125 4617
345 491 408 556 158
615 490 645 544 L.
664 489 797 544 APVLEI
815 488 1075 545 MADAVRENSIS

237 600 355 643 arcear.
370 600 417 642 rsa.
1300 598 1398 639 saona

341 663 373 719 et
396 679 502 718 aurum
524 659 608 718 iuxta
629 658 785 735 plumbum
808 661 838 719 et
860 656 979 734 lapillos
1001 658 1078 716 nulli
1096 658 1266 734 aestimare,
1287 660 1347 718 stri·

342 749 432 826 gilem
465 751 495 808 et
527 748 689 824 ampullam
721 751 877 822 ceteraque
908 747 1007 806 balnei
1040 747 1182 807 utensilia
1214 748 1348 806 nundinis
1422 780 1424 785 ·

341 839 475 900 mercari.
520 855 657 914 prorsum
688 838 766 896 enim
793 855 854 896 non
881 854 915 895 ec
946 836 1072 912 infitias,
1103 855 1159 896 nec
1184 837 1272 896 radio
1301 829 1424 901 neceni

342 927 449 986 subula
471 945 524 986 nec
547 927 619 985 lime
641 945 695 986 nec
716 929 803 986 torno
830 943 885 985 nec
911 924 942 983 id
971 945 1064 1003 genus
1093 926 1277 984 ferramenta
1309 927 1349 986 uti
1422 912 1424 932 '

341 1035 441 1091 nosse,
470 1015 522 1074 sed
543 1034 599 1091 pro
620 1014 667 1074 his
693 1018 871 1092 praeoptare
898 1033 945 1074 me
976 1015 1089 1089 fateor,
1116 1033 1176 1073 uno
1205 1014 1348 1074 chartario
1360 1032 1404 1081 (rr)

342 1106 456 1165 calamo
478 1123 525 1163 me
548 1101 665 1163 reficere
688 1106 829 1179 poemata
846 1103 1021 1181 omnigenus
1035 1106 1108 1179 apta
1125 1105 1242 1181 uirgae,
1264 1105 1349 1180 lyrae,
1374 1126 1388 1164 a

341 1212 439 1269 socco,
471 1192 628 1267 cothmno,
658 1193 731 1252 item
758 1193 866 1251 satiras
890 1210 924 1251 ao
950 1191 1087 1270 griphos,
1118 1192 1192 1252 item
1215 1192 1349 1252 historias

340 1284 439 1342 uarias
462 1301 560 1342 rerum
583 1299 717 1342 necnon
740 1283 888 1341 crationes
910 1281 1049 1340 laudatas
1071 1279 1192 1342 disertis
1220 1300 1350 1342 necnon

341 1371 475 1448 dialogos
498 1369 635 1430 laudatos
656 1370 841 1446 philosophis
864 1373 954 1445 atque
975 1369 1049 1429 haec
1076 1373 1108 1430 et
1134 1369 1197 1429 alia
1225 1370 1351 1432 eiusdem
1422 1426 1423 1433 .

339 1460 421 1521 modi
443 1463 506 1518 tam
528 1476 632 1536 graece
655 1477 745 1534 quam
767 1459 874 1535 latine,
900 1459 1018 1536 gemino
1040 1461 1127 1533 uoto,
1153 1459 1225 1535 pari
1248 1460 1390 1534 stodiam

341 1549 431 1610 simili
449 1548 527 1608 stilo.
561 1566 636 1623 quae
655 1549 770 1606 utinam
792 1566 910 1623 possem
933 1547 1070 1622 equidem
1090 1567 1152 1608 non
1175 1549 1351 1625 singillatim

341 1657 375 1697 ac
397 1636 560 1712 discretim,
590 1636 641 1696 sed
665 1636 794 1696 cunctim
817 1640 848 1696 et
870 1637 1068 1696 coaceruatim
1094 1636 1165 1712 tibi,
1194 1639 1352 1713 proconsul

338 1727 386 1788 uel
404 1726 524 1802 optime,
543 1726 646 1820 offofre
665 1743 699 1784 ac
718 1724 914 1809 praedicabili
930 1725 1101 1786 testimonio
1113 1729 1168 1785 tuo
1183 1726 1225 1785 ad
1238 1746 1353 1786 omnem
1364 1743 1406 1791 (aa)

338 1818 472 1876 nostram
512 1812 670 1874 Camenam
710 1814 782 1873 fruit
836 1833 897 1873 non
927 1814 1045 1873 hercule
1081 1815 1210 1890 penuria
1247 1816 1354 1890 laudis,

340 1904 511 1980 quaemihi
538 1903 649 1962 dudum
675 1903 793 1980 integra
820 1906 851 1962 et
877 1903 984 1963 florens
1010 1922 1064 1979 per
1091 1922 1195 1963 omnes
1225 1908 1354 1965 anteces-
1366 1924 1390 1964 15
1422 1926 1423 1939 ¹

231 2009 418 2054 r.1ese.sores
444 1996 512 2052 tuos
541 1993 579 2052 ad
607 1996 638 2052 te
670 1996 823 2052 reseruata
852 1995 910 2068 ost,
941 1991 993 2052 sed
1025 1993 1168 2069 quoniam
1196 1993 1279 2052 nulli
1309 2013 1354 2053 me

337 2082 537 2159 probatiorem
568 2083 651 2156 uolo,
683 2099 773 2156 quam
804 2099 893 2156 quem
924 2081 989 2156 ipse
1018 2083 1088 2144 ante
1119 2082 1219 2141 omnis
1247 2084 1355 2142 merito

337 2172 438 2248 probo.
484 2171 563 2230 enim
586 2171 628 2232 sic
650 2173 758 2230 natura
787 2172 994 2246 temporetam
1023 2173 1078 2245 est,
1106 2172 1142 2230 ut
1171 2190 1243 2230 eum
1268 2191 1356 2248 quem

337 2259 440 2320 laudes
463 2260 554 2319 etiam
578 2278 667 2334 ames,
688 2277 776 2335 porro
800 2278 890 2334 quem
912 2277 993 2319 ames
1017 2260 1108 2318 etiam
1126 2259 1250 2346 laudari
1268 2265 1301 2320 te
1318 2260 1355 2320 ab

409 2434 423 2481 1
449 2429 533 2483 nihili
559 2429 708 2482 Burmann
798 2426 987 2496 ramponem
1005 2427 1054 2498 Γφ
1145 2430 1354 2498 3prorsuml'

337 2505 354 2552 4
373 2499 544 2554 ferramenta
562 2498 584 2551 F
604 2500 644 2568 (ta
662 2499 694 2552 ia
711 2497 748 2550 tis
767 2500 901 2569 corripere
918 2499 1038 2554 aolaime
1050 2499 1109 2553 aid.
1125 2501 1297 2569 mundator,
1316 2504 1355 2556 ito

338 2571 412 2664 ot⁵oe)
429 2573 433 2640 Ι
449 2570 583 2644 utlinosse
601 2569 623 2623 F
641 2569 684 2622 uti
702 2585 784 2622 nosse
804 2567 841 2639 φ’
857 2569 890 2623 ira
906 2586 961 2624 roe.
1048 2573 1064 2622 6
1083 2569 1198 2624 reficere
1217 2571 1242 2624 F
1269 2577 1274 2640 Ι
1299 2573 1355 2626 uir-

335 2693 422 2763 gaeF
438 2697 442 2763 Ι
458 2692 542 2763 Ιίτεφ
598 2698 613 2745 7
624 2696 739 2748 coturno
748 2693 798 2763 For
807 2693 843 2760 cf.
855 2698 964 2762 loon,
975 2698 1008 2748 29
1019 2691 1060 2760 0.,
1073 2712 1100 2764 p.
1112 2699 1138 2747 9.
1151 2700 1186 2749 18
1195 2696 1246 2752 Kr.
1258 2697 1355 2769 (Flor.)

336 2764 471 2818 cothurno
490 2765 543 2820 Kr.
569 2766 574 2834 l
600 2764 700 2818 satirae
720 2781 753 2818 ac
775 2762 902 2834 griphos]
927 2766 1024 2834 satyra
1048 2780 1202 2836 sacreppus
1221 2768 1245 2821 F
1265 2770 1355 2823 satira

335 2851 485 2904 sacreppus
504 2854 525 2903 φ
542 2834 674 2904 lictoriae
693 2836 715 2887 F
811 2840 828 2887 8
847 2834 988 2889 orationes
1007 2835 1129 2890 stewech.
1153 2838 1287 2895 rationes
1306 2840 1354 2910 Ilp

337 2906 429 2961 talia
448 2907 477 2960 et
495 2905 545 2976 se
574 2910 578 2972 1
608 2855 743 2960 eidemll
831 2911 863 2958 11
889 2913 953 2974 post
974 2906 1040 2960 stilo
1063 2907 1136 2960 tal*
1158 2925 1194 2962 m.
1213 2927 1239 2964 r.
1257 2915 1355 2980 posuit

335 2979 492 3035 mamaeam
510 2983 535 3032 et
548 2977 706 3045 adscripsi&
725 2975 779 3030 Hic
794 2976 898 3030 desinit
911 2974 976 3030 eod.
992 2977 1018 3031 S.
1034 2977 1129 3032 Crucis
1143 2981 1354 3052 transscripturi

335 3067 353 3106 a
371 3051 414 3104 Fr.
434 3047 582 3103 Thodaldo
596 3047 631 3101 de
645 3047 768 3101 Mocillo.
785 3045 849 3101 Ord.
865 3047 932 3101 Min.
952 3049 1030 3103 Haec
1047 3065 1149 3104 rra-arms
1164 3052 1234 3106 uiro
1252 3054 1353 3109 domm-

333 3125 402 3178 stow
411 3117 1131 3194 RostayrrotodicceetmaaoedelFuriae‚qaocdom
1139 3122 1353 3180 bibliothecarii.

334 3194 485 3250 Adnotatio
496 3192 632 3264 pcrttrwre
645 3191 752 3246 ridetur
761 3191 799 3244 od
808 3190 864 3244 cod.
875 3191 963 3245 Loar.
976 3196 1010 3243 24
1022 3191 1075 3244 sira.
1087 3196 1130 3257 11,
1139 3209 1222 3260 quem
1232 3196 1354 3252 creatur

334 3266 465 3335 descripsi
477 3263 611 3318 Mnemos.
633 3267 701 3316 1895
715 3280 741 3331 p.
757 3265 809 3314 353
823 3277 878 3329 sqq.
894 3261 986 3316 Oodox
998 3262 1055 3330 ipse
1067 3262 1247 3320 inscribitur-r
1268 3266 1355 3322 Liber

333 3390 493 3446 Conuentus
512 3388 538 3442 S.
559 3385 653 3440 Crucis
672 3386 707 3439 de
730 3360 809 3439 florf-
830 3383 936 3438 ordinis
958 3385 1110 3453 minorum,
1138 3393 1164 3442 et
1186 3406 1292 3446 reuera
1310 3393 1354 3446 hic

334 3463 434 3518 decicit
462 3464 467 3530 Ι
494 3475 577 3528 posse
594 3473 640 3511 me
658 3455 772 3524 quidem
790 3454 839 3524 Pp
927 3460 959 3509 12
979 3456 1101 3510 cunctim
1120 3459 1149 3511 et
1167 3458 1237 3529 Ἐφ’
1256 3461 1353 3518 cuncti

332 3537 391 3589 met
409 3533 444 3604 φι
470 3533 473 3600 Ι
499 3527 686 3584 coaceruatim
704 3528 788 3597 calpe
807 3525 969 3579 odcertatim
987 3527 1036 3595 Εφ
1119 3531 1153 3582 13
1171 3531 1222 3585 uel
1243 3533 1352 3602 optime

332 3604 430 3675 scripsi
456 3604 489 3656 ut
517 3601 621 3670 optime
648 3597 697 3666 Fp
726 3598 779 3668 [ut]
809 3596 861 3650 Kr.
893 3594 981 3666 <uir>
998 3596 1046 3652 uel
1077 3598 1185 3667 optimc
1218 3602 1351 3660 Hildabr.

332 3733 367 3849 ἐπεὶ
385 3726 553 3809 reseruata]
571 3723 593 3774 F
610 3724 614 3791 Ι
630 3719 773 3788 quoniam]
793 3718 842 3784 qffi
859 3715 911 3783 Ρφ
927 3718 931 3784 Ι
947 3731 991 3771 me
1009 3719 1081 3803 nulii
1099 3741 1122 3805 φ
1204 3731 1240 3780 17
1260 3709 1351 3798 (μὴ,

373 3811 459 3863 quam
477 3815 494 3859 o
513 3813 535 3861 φ
552 3800 556 3856 Ι
572 3805 667 3845 omnes
686 3808 707 3856 φ
723 3788 728 3856 Ι
744 3786 937 3853 comparatum
955 3788 998 3840 est
1014 3805 1113 3858 scrupea
1129 3797 1351 3864 comprobatum

333 3869 376 3918 est
393 3865 443 3930 Fa
462 3863 496 3928 cf.
516 3863 554 3916 od
573 3863 685 3923 155.11‚
705 3860 738 3908 29
758 3855 799 3919 O.,
817 3871 844 3920 p.
864 3857 932 3905 9.19
951 3853 1104 3929 Kr.(l'lor.)

278 4078 985 4264 ..m-m
