3125 4617
653 500 839 557 APOLOGIA
1188 502 1252 567 113

147 613 292 655 ,οιᾱοιιιι
1175 613 1360 657 errassem

146 688 219 741 (see)
234 673 348 736 nubere
371 672 474 732 uolens
502 671 593 748 longa
621 671 688 730 dote
719 674 749 730 et
777 670 863 731 molli
892 670 1063 732 condicione
1092 671 1251 734 inuitasset

234 764 496 837 iuuenem'neque
520 778 641 836 corpore
668 778 763 836 neque
793 761 892 822 animo
914 780 1010 836 neque
1038 762 1159 821 fortuna
1180 781 1251 839 pae-

236 849 416 912 nitendum?
452 851 539 928 uirgo
561 850 692 910 formosa
720 847 777 908 etsi
798 850 839 908 sit
861 849 972 926 oppido
994 868 1121 927 pauper,
1149 854 1251 912 tamen

238 940 357 1002 abunde
375 940 480 999 dotata
499 940 556 998 est:
580 939 667 998 affert
685 939 796 1015 quippe
814 936 854 996 ad
871 937 1013 997 maritum
1030 957 1142 998 nouam
1159 939 1252 1000 animi

208 1030 384 1104 eindclem,
407 1027 637 1107 pulchritudinis
659 1027 803 1105 gratiam,
825 1026 906 1088 floris
928 1027 1140 1088 rudimentum.
1183 1028 1252 1105 ips'a

236 1118 425 1197 uirginitatis
449 1116 664 1178 commendatio
692 1117 755 1175 iure
782 1117 949 1192 meritoque
971 1116 1108 1177 omnibus
1134 1119 1251 1179 maritis

238 1207 446 1284 acceptissima
469 1208 523 1266 est.
566 1224 638 1264 nam
661 1204 870 1281 quodcumque
892 1205 977 1264 uliud
997 1205 1030 1265 in
1052 1205 1153 1266 dotem
1170 1225 1251 1266 acce-

237 1296 329 1375 peris,
350 1299 446 1373 pctes,
470 1313 537 1354 cum
558 1293 657 1370 libuit,
683 1314 721 1354 ne
744 1295 785 1354 sis
807 1268 949 1354 beneilcio
972 1293 1143 1370 obstrictus,
1165 1314 1251 1356 omne

237 1389 275 1446 ut
303 1403 458 1462 acceperas
484 1383 660 1459 retribuere,
688 1383 846 1459 pecuniam
872 1402 1074 1460 renumerare,
1102 1384 1252 1461 mancipia

196 1496 224 1536 10
237 1475 411 1550 restituere,
438 1473 528 1533 domo.
553 1472 733 1550 demigrare,
760 1471 890 1548 praediis
918 1472 1028 1533 cedere.
1073 1473 1138 1534 sola
1159 1475 1252 1552 uirgi-

237 1565 320 1624 nitas
343 1583 412 1623 cum
433 1562 523 1622 semel
551 1564 673 1638 accepta
697 1564 755 1636 est,
783 1560 869 1621 reddi
897 1561 1052 1636 nequitur:
1079 1562 1143 1622 sola
1171 1563 1253 1640 apud

238 1655 385 1714 maritum
407 1671 442 1712 ex
463 1649 552 1710 rebus
569 1642 572 1732 l
589 1649 740 1710 dotalibus
759 1653 902 1710 remanet
942 1650 1034 1710 uidua
1057 1654 1158 1711 autem
1180 1671 1252 1728 qua·
1265 1670 1282 1709 r.
1296 1669 1345 1710 sss.

238 1744 279 1802 lis
311 1740 424 1818 nuptiis
456 1740 553 1815 uenit,
584 1740 655 1798 talis
687 1739 816 1799 diuortio
849 1738 1027 1817 digreditur:
1062 1740 1138 1799 nihil
1167 1742 1253 1801 affert

165 1847 225 1900 (eae)
238 1831 451 1908 irreposcibile,
474 1829 525 1889 sed
548 1829 631 1888 uenit
653 1828 714 1888 iam
737 1828 774 1887 ab
798 1828 858 1886 alio
881 1828 1073 1905 praeflorata,
1096 1832 1174 1889 certe
1196 1829 1253 1889 tibi

199 1940 225 1981 1⁵
240 1921 281 1980 ad
304 1939 380 1997 quae
403 1919 477 1978 uelis
495 1917 616 1976 minime
635 1917 748 1993 docilis,
770 1935 832 1976 non
849 1917 948 1976 minus
967 1920 1125 1995 expectens
1143 1936 1254 1978 nouam

241 2010 365 2070 domum
388 2026 477 2084 quam
500 2007 566 2084 ipsa
587 2007 649 2066 iam
677 2007 714 2066 ob
741 2025 836 2066 unum
862 2005 1024 2066 diuortium
1046 2008 1253 2084 suspectanda,

240 2100 305 2159 siue
328 2099 381 2158 illa
403 2100 498 2157 morte
522 2095 622 2156 amisit
648 2096 804 2171 maritum,
830 2098 866 2155 ut
891 2095 990 2156 scaeui
1017 2097 1124 2156 ominis
1146 2097 1254 2157 mulier

241 2191 273 2248 et
290 2188 417 2246 infandi
434 2185 566 2263 coniugii
583 2185 704 2244 minime
723 2184 900 2262 appetenda,
917 2203 970 2244 seu
982 2182 1106 2262 repudio
1120 2185 1254 2263 digressa

241 2276 466 2352 est,utra1nuie
495 2273 606 2334 hebens
637 2274 755 2350 culpam
784 2273 905 2349 mulier,
936 2291 1016 2350 quae
1043 2277 1098 2333 aut
1123 2277 1187 2334 tam
1208 2275 1253 2333 in-

201 2387 228 2426 se
241 2365 409 2426 tolerabilis
431 2365 499 2440 fuit,
521 2365 558 2424 ut
579 2362 802 2440 repudiaretur,
825 2366 880 2423 aut
901 2365 965 2422 tam
986 2363 1130 2440 insolens,
1152 2366 1187 2423 ut
1208 2384 1254 2424 re-

240 2455 388 2532 pudiaret.
438 2452 475 2513 ob
504 2452 578 2512 haec
606 2455 637 2512 et
666 2451 727 2510 alia
756 2446 767 2532 ΙΙ
793 2451 903 2512 uiduae
932 2451 1002 2510 dote
1032 2456 1120 2512 aucta
1149 2472 1253 2529 procos

241 2543 415 2604 sollicitant.
462 2542 541 2618 qued
563 2540 736 2600 Pudentilla
759 2559 876 2617 quoque
900 2541 933 2600 in
955 2541 1015 2600 alio
1036 2542 1146 2601 marito
1169 2543 1254 2603 fecis·

241 2636 297 2707 set,
320 2633 346 2692 si
368 2631 578 2709 philosophum
601 2632 788 2707 spernentem
811 2630 888 2690 dotis
911 2650 972 2690 non
992 2631 1178 2707 repperisset

308 2721 375 2800 Age
401 2739 486 2794 nero,
518 2720 544 2779 si
571 2719 716 2779 auaritiae
744 2737 834 2779 eausa
860 2719 1014 2779 mulierem
1040 2719 1362 2797 concupissem,XGIII

201 2831 227 2874 se
240 2811 317 2888 quid
337 2810 412 2869 mihi
434 2809 539 2869 utilius
562 2809 601 2868 ad
621 2808 832 2884 possidendam
849 2807 970 2868 domum
988 2808 1050 2869 eins
1073 2809 1142 2886 fuit,
1165 2829 1256 2886 quam

241 2900 428 2962 simultatem
448 2899 528 2958 inter
549 2900 677 2956 matrem
698 2900 729 2957 et
750 2896 828 2957 filios
851 2915 955 2973 serere,
978 2898 1108 2960 alienare
1130 2898 1168 2957 ab
1192 2901 1255 2959 cius

315 3146 330 3193 1
351 3139 447 3211 longa]
466 3138 547 3208 larga
564 3139 610 3194 uel
626 3137 706 3192 lauta
724 3137 848 3200 Stcwecb.
865 3137 1049 3206 {condicione
1067 3138 1116 3208 Εφ
1171 3143 1187 3192 3
1206 3155 1256 3208 op-

241 3247 311 3318 pido
330 3247 434 3330 cppidc
453 3266 474 3316 φ
547 3244 715 3300 thabunde
733 3245 782 3315 Ile
799 3248 803 3314 Ι
823 3259 927 3299 nouam
945 3265 966 3315 φ
985 3248 1014 3316 <a
1031 3261 1065 3299 ec
1082 3261 1101 3297 u
1119 3259 1187 3300 corr.
1207 3245 1255 3314 est)

241 3388 349 3426 nonum
367 3370 447 3425 FKr.
557 3375 572 3424 ‘l
596 3327 763 3439 quodetique
786 3370 807 3424 F
837 3372 841 3438 Ι
870 3368 1023 3441 acceperis]
1048 3369 1188 3440 acceperit
1205 3369 1255 3439 Εφ

243 3448 278 3497 14
305 3440 498 3512 irreposcibile
525 3463 547 3512 φ
575 3440 765 3511 irrepossibile
791 3441 812 3494 F
851 3443 856 3510 Ι
893 3439 986 3511 mul*
1013 3442 1110 3509 repetit
1135 3439 1256 3510 'pilorata

244 3520 277 3568 1⁶
296 3512 412 3568 minime
430 3518 506 3583 ιζιῷφ
531 3516 536 3583 1
579 3513 770 3582 expectensr
799 3513 963 3582 suspectans
982 3532 1004 3580 φ
1031 3512 1135 3567 reticui
1148 3513 1257 3580 primm

242 3601 343 3641 manus
362 3585 500 3640 lectionem
518 3586 683 3654 suspectans
702 3584 754 3639 Kr.
829 3587 862 3637 18
878 3581 1060 3653 infaustin
1078 3581 1189 3638 infandi
1202 3583 1255 3637 Kr.

999 3666 1012 3696 0

245 3762 365 3838 re<uc>
374 3762 512 3816 utramuis
531 3762 583 3817 Kr.
602 3762 741 3816 utrumuis
759 3762 808 3831 Fcp
825 3765 829 3831 Ι
845 3760 964 3833 habens]
983 3708 1107 3829 megentio
1130 3786 1134 3793 ·
1161 3766 1257 3815 2310-

245 3887 365 3958 perisset
382 3887 404 3940 1¹¹
422 3848 543 3960 rebieset
561 3908 583 3958 φ

298 3988 395 4030 Assur
407 3987 553 4039 Apologia
567 3991 590 4028 et
603 3987 730 4028 Florida.
1082 3980 1099 4029 8
