3125 4617
316 520 358 586 38
592 521 620 573 1.
640 516 773 572 lemur
792 516 1051 573 usouvaausrs

211 632 226 670 f.
242 632 302 672 uou.
316 630 333 670 r.
346 631 380 670 aa.
1274 628 1318 669 11
1332 628 1383 669 ouo

318 689 385 748 dine
418 690 541 766 largiter
572 708 666 764 aquae
696 689 844 763 superest,
877 686 962 762 cedo,
992 688 1018 747 si
1046 687 1177 763 uidetur,
1207 689 1329 767 singula

317 778 540 838 consideremus.
578 779 667 853 atque
686 796 740 854 ego
755 777 855 836 omnia
873 777 989 837 obiecta
1010 796 1063 836 seu
1086 796 1156 836 uera
1178 796 1230 836 seu
1249 779 1329 837 falsa

317 869 394 941 sunt,
417 887 476 926 non
498 866 621 943 negabo,
644 866 694 925 sed
717 866 840 941 perinde
864 868 953 941 atque
976 867 1002 925 si
1023 867 1105 925 facta
1123 867 1184 925 sint
1200 865 1328 942 fatebor,
1405 920 1409 931 .

316 960 350 1016 ut
373 957 467 1015 omnis
489 956 549 1014 ista
567 954 735 1029 multitudo,
759 973 835 1030 quae
852 955 982 1030 plurima
1000 955 1129 1030 undique
1147 955 1186 1014 ad
1204 955 1327 1014 audien·
1341 972 1396 1022 (411)

316 1044 386 1103 dum
409 1045 560 1119 conuenit,
584 1046 685 1119 aperte
707 1044 878 1120 intellegat,
900 1043 976 1101 nihil
998 1044 1029 1101 in
1051 1042 1243 1119 philosophos
1268 1062 1327 1104 non
1353 1065 1366 1105 s

316 1133 404 1192 modo
426 1151 495 1191 uero
519 1132 587 1207 dici,
609 1131 660 1191 sed
682 1152 718 1190 ne
741 1133 818 1192 falso
842 1131 960 1208 quidem
982 1150 1068 1208 posse
1087 1133 1224 1210 confingi,
1247 1133 1327 1209 quod

315 1242 374 1281 non
400 1242 435 1280 cx
457 1222 643 1280 innocentiae
665 1220 786 1294 fiducia,
810 1222 946 1296 quamuis
968 1220 1058 1279 liceat
1079 1240 1202 1298 negare,
1224 1224 1328 1281 tamen

315 1312 416 1385 potius
434 1309 564 1370 habeant
582 1309 744 1368 defendere.
780 1311 910 1385 primum
928 1310 1022 1386 igitur
1036 1313 1211 1386 argumenta
1225 1329 1329 1370 eorum

315 1400 446 1471 refutabo
479 1417 513 1457 ac
544 1401 726 1474 1111111111,
758 1399 834 1456 nihil
866 1417 901 1456 ea
934 1398 970 1456 ad
998 1400 1129 1475 magiam
1163 1400 1328 1475 pertinere:

315 1486 385 1546 dein
408 1489 463 1546 etsi
490 1489 617 1547 maxime
644 1506 748 1565 magus
778 1489 887 1561 forem,
916 1490 1017 1546 tumen
1047 1488 1201 1547 ostendam
1231 1508 1328 1564 neque
1342 1510 1368 1548 rc

316 1595 436 1635 causam
459 1577 552 1634 ullam
574 1596 668 1652 neque
692 1578 875 1636 occasionem
897 1577 1002 1651 fuisse,
1030 1579 1065 1635 ut
1091 1596 1138 1635 me
1165 1578 1196 1635 in
1226 1578 1328 1654 aliquo

316 1664 460 1724 maleficio
484 1667 693 1741 experirentur.
738 1665 781 1723 ibi
804 1666 896 1724 etiam
923 1663 958 1723 de
986 1666 1062 1724 falso
1088 1666 1205 1725 inuidia
1232 1665 1328 1742 deque

316 1755 452 1831 epistulis
475 1755 607 1815 mulieris
630 1774 786 1831 perperam
808 1755 893 1813 lectis
916 1757 946 1813 et
972 1754 1097 1829 nequius
1120 1756 1327 1831 interpretatis

315 1842 409 1918 deque
432 1845 621 1903 matrimonio
643 1863 709 1904 meo
733 1862 767 1902 ac
789 1843 977 1901 Pudentillae
1001 1842 1170 1918 disputabo,
1193 1844 1284 1919 idque
1309 1864 1328 1903 a

315 1951 362 1991 me
394 1935 562 2008 susceptum
595 1933 685 1992 officii
720 1934 819 2009 gratia
853 1952 943 2007 quam
976 1932 1051 1989 lucri
1087 1950 1175 1993 causa
1207 1932 1329 1993 docebo.
1344 1953 1368 1993 rs

317 2021 394 2097 quod
418 2022 537 2097 quidem
563 2022 785 2081 matrimonium
814 2023 949 2081 nostrum
977 2020 1145 2079 Aemiliano
1173 2022 1243 2079 huic
1272 2023 1329 2080 im-
1342 2038 1396 2088 (11)

315 2130 401 2169 mane
425 2114 536 2185 quanto
561 2112 665 2187 angori
687 2112 874 2185 quantaeque
897 2109 1027 2169 diuidiae
1048 2110 1120 2168 fuit:
1141 2110 1211 2168 inde
1230 2112 1327 2171 omnis
1335 2127 1415 2175 neem

212 2226 218 2239 ·
315 2199 436 2258 huiusce
464 2200 659 2259 accusationis
691 2197 842 2258 obeundae
874 2199 919 2256 ira
951 2200 982 2257 et
1016 2198 1113 2257 rabies
1140 2201 1171 2257 et
1200 2198 1328 2275 denique

317 2288 435 2346 insania
467 2291 568 2346 exorta
601 2289 653 2346 est.
708 2305 784 2362 quae
816 2287 842 2345 si
874 2288 974 2345 omnia
1004 2288 1105 2363 palam
1136 2290 1167 2346 et
1198 2288 1329 2348 dilucide
1419 2319 1420 2338 ÷

318 2374 481 2450 ostendero,
503 2376 574 2434 tunc
597 2374 723 2450 denique
745 2378 785 2450 te,
810 2373 916 2433 claudi
937 2376 1074 2451 Maxime,
1103 2379 1133 2435 et
1155 2378 1250 2437 omnis
1275 2380 1328 2454 qui
1342 2398 1367 2437 so

318 2463 426 2521 adsunt
440 2464 635 2539 contestabor,
652 2458 662 2541 ΙΙ
679 2484 804 2539 puerum
821 2465 908 2522 illum
922 2462 1066 2522 Sicinium
1083 2465 1249 2524 Pudentem
1266 2468 1328 2542 pri-

316 2552 440 2628 uignum
462 2572 573 2626 meum,
603 2553 685 2612 cuius
715 2553 838 2612 obtentu
861 2555 892 2611 et
913 2553 1068 2613 uoluntate
1092 2574 1110 2613 a
1131 2557 1240 2629 patruo
1264 2557 1328 2615 eius

318 2658 450 2715 accusor,
473 2642 640 2716 nuperrime
664 2660 750 2700 curae
772 2662 855 2701 meae
879 2645 1026 2717 ereptum,
1052 2646 1212 2718 postquam
1234 2645 1330 2703 111111

316 2729 378 2788 eius
399 2722 404 2810 Ι
423 2729 587 2789 Pontianus
611 2733 641 2789 et
670 2734 744 2789 natu
772 2731 869 2790 maior
898 2732 928 2789 et
954 2730 1085 2790 moribus
1114 2732 1219 2791 melior
1248 2732 1329 2792 diem

316 2836 402 2877 suum
430 2820 516 2894 obiit,
549 2822 637 2894 atque
667 2819 710 2878 ita
741 2820 773 2877 in
805 2840 852 2878 me
882 2837 916 2877 ac
944 2821 1071 2878 matrem
1100 2838 1184 2879 suam
1213 2822 1328 2881 nefarie
1343 2840 1368 2881 sc

235 2920 246 2945 ='
283 2935 286 2945 ›
316 2908 482 2982 efferatum,
511 2926 571 2967 non
593 2928 658 2967 mea
687 2908 787 2983 culpa,
817 2908 940 2967 desertis
967 2908 1139 2968 liberalibus
1162 2910 1268 2969 studiis
1293 2930 1329 2969 11

230 3070 232 3075 Α
315 2996 472 3071 repudiata
495 2998 575 3056 omni
598 2996 767 3072 disciplina,
790 2997 921 3056 scelestis
945 2997 1140 3057 accusationis
1166 2998 1254 3058 huius
1277 3020 1327 3057 ru·

317 3085 454 3145 dimentis
485 3089 592 3164 patruo
615 3086 783 3145 Aemiliano
812 3086 912 3161 potius
943 3105 1033 3161 quam
1061 3087 1149 3146 frati
1177 3086 1328 3147 Pontiano

317 3175 443 3235 similem
466 3176 607 3234 futurum.
1178 3217 1180 3220 -

210 3263 307 3322 XXIX
382 3265 484 3339 Nunc,
521 3268 555 3324 11
590 3264 724 3339 institui,
759 3263 928 3340 proficiscar
965 3263 1002 3321 ad
1034 3264 1134 3323 omnia
1164 3264 1329 3324 Aemiliani
1344 3284 1370 3324 so

388 3435 548 3557 llargitp
640 3488 799 3561 uatqupp
890 3484 1118 3555 cintellegatl*
1140 3483 1234 3539 intelli
1272 3487 1328 3556 tp
1419 3467 1420 3538 1

317 3562 332 3609 9
351 3557 481 3611 refirtabo
500 3572 534 3611 ac
553 3557 717 3613 conuincam
735 3557 833 3628 scripsi
852 3556 1016 3610 conuincam
1034 3572 1068 3609 ac
1089 3557 1220 3611 retitabo
1235 3502 1291 3626 Pap
1323 3560 1327 3610 Ι

314 3628 430 3697 magian
448 3629 471 3681 F
489 3629 597 3700 magia³
616 3649 637 3698 ῳ
720 3634 752 3681 11
772 3627 966 3697 experirentur
978 3629 1018 3682 sic
1031 3628 1080 3695 Pp
1096 3630 1101 3697 Ι
1117 3628 1190 3681 falsa
1209 3628 1329 3683 Oasaab.

315 3697 387 3752 falso
407 3700 456 3768 Fu
533 3706 565 3753 13
586 3699 656 3775 ppts
670 3700 814 3769 Peplisp
897 3704 929 3751 17
949 3697 1075 3753 diuidiae
1093 3698 1115 3751 F
1134 3699 1329 3770 [inuidiaeju

310 3823 348 3875 iu
365 3838 422 3875 eas.
504 3783 709 3890 20²⁰⁴claudip
795 3828 828 3876 21
848 3783 990 3891 ddsuntrp
1074 3824 1330 3892 1311111111

317 3890 568 3945 1611111-111111
