3125 4617
637 508 818 564 APOLOGIA
1190 513 1230 577 77

144 621 154 662 l.
171 619 273 660 Oudend.
1155 622 1171 660 l.
1186 623 1247 663 illa.
1259 623 1274 662 1.
1289 626 1336 664 161.

219 679 361 752 Maxime,
392 678 549 736 coitionem
573 677 727 737 aduersum
750 697 797 736 me
821 681 851 736 et
874 671 1107 739 coniurationem
1129 699 1230 741 eorum

220 787 275 845 pro
298 769 352 826 tua
375 765 523 842 sapientia
546 767 741 842 suspicatum,
769 768 858 826 simul
880 767 998 826 libellus
1020 769 1071 828 ifle
1094 771 1229 846 prolatus

221 858 280 931 est,
309 857 406 916 totam
428 874 491 916 rem
517 856 604 914 uultu
634 859 850 931 aspernantem.
903 857 1029 933 denique
1060 877 1230 934 quanquam

149 961 206 1012 (aas)
221 949 292 1005 sunt
314 944 439 1004 insolita
468 944 591 1004 audaoia
621 947 652 1003 et
679 944 851 1020 importuna
879 946 1065 1021 impudentia
1093 948 1230 1022 praediti,

194 1039 321 1095 atamen
339 1033 543 1092 testimonium
556 1031 664 1108 Crassi,
683 1035 766 1092 ouius
785 1033 932 1093 oboluisse
950 1036 1062 1094 faeoem
1080 1037 1230 1110 uidebant,

220 1141 273 1182 ueo
296 1122 356 1198 ipsi
379 1122 444 1181 ausi
467 1123 536 1180 sunt
557 1123 708 1199 perlegere
732 1141 786 1181 neo
816 1123 975 1198 quiequam
1005 1143 1040 1182 eo
1069 1125 1134 1182 niti.
1181 1145 1229 1184 ue·

219 1232 287 1271 rum
313 1205 324 1289 ΙΙ
351 1229 405 1288 ego
433 1211 492 1269 ista
518 1214 675 1286 propterea
701 1212 941 1286 commemoraui,
974 1232 1035 1272 non
1063 1213 1141 1288 quod
1166 1215 1230 1290 pin-
1244 1230 1260 1269 r.
1276 1231 1335 1270 iim.

221 1321 329 1360 narum
351 1299 522 1359 formidines
546 1302 576 1358 et
598 1299 732 1376 fuliginis
755 1301 902 1358 maculam
931 1304 962 1360 te
991 1303 1165 1377 praesertim
1187 1303 1230 1361 iu-

221 1390 285 1450 diee
308 1390 459 1463 timerem,
489 1388 540 1447 sed
568 1391 603 1447 ut
625 1408 662 1447 ne
690 1388 872 1463 impunitum
900 1390 978 1449 foret
1002 1389 1122 1466 Crasso,
1152 1392 1230 1467 quod

183 1499 207 1538 1o
219 1478 398 1552 Aemiliano,
420 1477 534 1536 homini
554 1477 674 1552 rustico,
696 1479 812 1536 fumum
833 1478 974 1537 uendidit.

287 1566 388 1626 Unum
412 1566 502 1624 etiam
525 1566 634 1624 orimen
656 1567 694 1625 ab
716 1567 791 1640 illis,
820 1584 886 1625 oum
908 1567 1097 1628 Pudentillae
1115 1569 1231 1628 litteras
1245 1570 1313 1626 LXI

155 1671 207 1723 isso)
220 1657 368 1733 legerent,
397 1654 433 1712 de
463 1655 616 1713 cuiusdam
645 1655 738 1732 sigilli
763 1655 958 1715 fabricatione
987 1651 1147 1737 proflatum
1177 1662 1230 1733 est,

222 1744 302 1820 quod
324 1762 372 1802 me
397 1744 482 1802 aiunt
504 1742 541 1801 ad
563 1743 680 1821 magica
702 1743 848 1803 maleficia
872 1746 987 1804 ooeulta
1009 1746 1122 1807 fabrica
1149 1747 1230 1824 ligno

222 1832 453 1908 exquisitissimo
477 1851 674 1907 comparasse,
698 1835 727 1891 et
750 1851 817 1890 oum
840 1834 880 1892 sit
901 1834 1003 1892 soeleti
1025 1836 1121 1894 forma
1143 1839 1231 1911 turpe

184 1944 208 1982 15
222 1926 253 1981 et
275 1921 430 1996 horribile,
458 1923 560 1980 tamen
588 1921 738 1997 impendio
769 1922 863 1980 oolere
893 1925 923 1981 et
953 1922 1063 1983 Graeco
1086 1924 1230 1984 uooabulo

159 2025 209 2076 (aar)
223 2006 344 2090 βασιλέα
376 2027 553 2085 nuncupare.
609 2009 668 2068 nisi
698 2010 802 2084 fallor,
834 2010 935 2069 ordine
967 2030 1068 2070 eorum
1104 2013 1231 2089 uestigia

221 2117 395 2176 persequor,
423 2101 453 2157 et
480 2098 656 2176 singillatim
684 2099 904 2174 apprehendens
927 2120 1043 2160 omnem
1066 2101 1231 2160 calumniae

222 2191 337 2247 textum
359 2189 467 2246 retexo.

289 2275 413 2336 Oeoulte
448 2276 539 2336 fuisse
574 2276 730 2335 fabricatio
769 2277 874 2354 sigilli,
913 2276 992 2353 quod
1030 2277 1141 2352 dioitis,
1181 2279 1232 2354 qui

185 2388 209 2426 eo
223 2356 335 2442 potest,
366 2363 449 2423 ouius
479 2383 531 2424 uos
562 2365 634 2424 adeo
664 2364 808 2424 artificem
837 2385 896 2425 non
930 2367 1103 2444 ignorastis,
1133 2370 1167 2426 ut
1196 2367 1231 2442 ei,

158 2469 208 2522 (aaa)
221 2457 341 2530 praesto
365 2453 488 2528 adesset,
511 2453 777 2513 denuntiaueritis?
801 2474 837 2513 en
860 2455 944 2514 adest
964 2455 1115 2515 Cornelius
1130 2455 1231 2514 Satur-

221 2544 309 2602 ninus
334 2542 455 2617 artifex,
482 2542 529 2600 uir
555 2542 633 2600 inter
656 2560 723 2601 suos
748 2546 777 2601 et
800 2547 864 2603 arte
886 2543 1026 2604 laudatus
1049 2548 1080 2604 et
1101 2545 1231 2604 moribus

223 2630 442 2708 comprobatus,
465 2631 517 2706 qui
537 2631 604 2704 tibi,
626 2631 762 2704 Maxime,
790 2632 880 2708 paulo
904 2635 974 2692 ante
997 2633 1155 2712 diligenter
1177 2636 1231 2694 soi-

222 2721 345 2780 soitanti
369 2737 484 2778 omnem
514 2719 647 2779 ordinem
677 2723 777 2795 gestae
806 2721 850 2779 rei
881 2740 995 2780 summa
1025 2741 1092 2782 oum
1119 2722 1177 2781 fide
1203 2726 1233 2781 et

298 2968 311 3015 1
334 2960 503 3015 aohitionem
526 2981 547 3030 φ
578 2963 582 3029 ι
612 2960 801 3013 aduersumF
824 2961 999 3030 aduersusip
1029 2963 1033 3031 Ι
1063 2962 1233 3015 curationem

204 3086 272 3156 ‘Po
354 3090 370 3138 a
389 3045 541 3153 quiquds
626 3091 643 3138 i
662 3084 777 3139 asora
795 3085 870 3139 ran
889 3084 973 3138 sona
991 3085 1040 3154 ra
1059 3084 1151 3139 solua
1169 3087 1235 3141 ran·

222 3211 358 3279 sessores
434 3208 659 3263 testimonium
678 3209 792 3264 dolatos
809 3197 969 3263 asamona
988 3208 1037 3278 ua
1115 3170 1232 3263 aalma·

222 3280 332 3334 morsui
352 3280 373 3332 l'
401 3281 439 3349 (m
453 3281 573 3349 piorem
591 3281 623 3332 in
640 3296 694 3334 ros.
713 3297 763 3334 sor.
783 3297 817 3332 m.
837 3281 963 3349 miquo)
1071 3285 1087 3333 8
1111 3283 1139 3334 te
1161 3281 1193 3333 ia
1211 3280 1232 3332 F

222 3421 309 3476 supra
327 3420 436 3459 amaon
454 3420 503 3458 ser.
523 3421 557 3458 m.
578 3410 591 3457 1
610 3407 614 3467 1
630 3378 703 3458 fdret
722 3374 846 3456 orassdm
864 3403 885 3455 F
904 3404 995 3474 (siyao
1012 3404 1234 3472 trompositionis

223 3477 286 3532 odd.
301 3493 337 3530 m.
352 3475 386 3544 r.)
406 3489 529 3529 erassum
546 3473 619 3529 foret
638 3497 659 3544 φ
737 3480 768 3527 11
789 3492 875 3527 unum
894 3474 977 3529 Soloe.
993 3475 1071 3529 Hsld.
1091 3474 1165 3528 unde
1184 3475 1232 3544 Fe

223 3600 289 3654 aas
309 3600 362 3653 ro.
382 3617 442 3654 aaa
460 3600 588 3654 rasam
680 3605 712 3652 14
736 3598 833 3653 sareu
854 3598 969 3653 uaso.
1000 3597 1083 3652 cerea
1100 3546 1233 3653 allidi

225 3677 257 3725 16
286 3670 484 3726 ΒὰίΙλΕὰΝῈ
597 3675 629 3723 17
657 3686 809 3739 persequor
826 3671 911 3752 uulqo
934 3682 1086 3739 persequar
1109 3670 1160 3739 Fo
1180 3671 1232 3724 Kr.

225 3747 257 3795 20
282 3741 388 3865 cuius}
400 3740 493 3812 mol*
518 3758 551 3794 ou
569 3760 603 3796 m.
623 3742 739 3811 eatque
768 3741 772 3812 Ι
802 3743 835 3794 ut
859 3757 885 3795 ei
909 3743 1021 3810 praesto
1047 3741 1159 3796 adesset
1184 3742 1233 3810 aa

224 3813 348 3882 (adesset

225 3884 337 3939 adesset
356 3884 408 3938 Kr.

411 3812 443 3867 iu
460 3829 511 3882 mo.
531 3830 564 3868 m.
584 3814 651 3869 satis
676 3813 793 3882 antiquo
810 3829 865 3868 sor·
880 3817 905 3866 i.
916 3814 958 3882 ut)
976 3814 1008 3866 ut
1027 3812 1054 3866 ei
1071 3815 1183 3882 praesto
1202 3815 1234 3866 ut
