3125 4617
636 489 797 544 FLORIDA
1158 491 1226 554 175¹

158 601 261 641 oureus.
1142 599 1157 638 r.
1172 601 1233 640 resa.
1247 600 1263 639 r.
1278 601 1327 640 iro.

145 661 266 718 sarlati
291 660 342 718 sed
366 659 472 732 aas,
499 657 610 732 idest,
638 661 673 717 ut
699 659 816 735 integro
844 659 891 716 die
917 658 1090 716 beneficium
1114 660 1220 718 adme

206 749 363 825 publicum
392 745 580 824 perueniret?
611 750 740 806 ceterum
768 748 965 806 meminerant
992 748 1098 823 optimi
1125 750 1219 825 magi·

208 841 323 896 stratus
356 839 387 895 et
418 836 685 896 beniuolentissimi
715 837 878 911 principes,
909 836 1083 894 mandatum
1114 837 1172 895 sibi
1202 857 1221 895 a

152 943 192 994 (rs)
208 927 296 986 uobis
320 925 399 1002 quod
422 925 569 984 uolebant.
615 925 646 982 id
670 945 762 1002 egone
789 927 894 984 scirem
920 944 974 984 aec
999 925 1220 1001 praedicarem?

181 1018 347 1092 eingratus
368 1033 469 1074 essem.
507 1015 578 1090 quin
604 1015 695 1073 etiam
718 1015 856 1073 uniuerso
880 1015 977 1073 ordini
1000 1018 1099 1073 uestro
1119 1008 1221 1092 (pro)

208 1105 403 1179 amplissimis
436 1123 506 1181 erga
538 1123 584 1162 me
616 1104 730 1162 meritis
768 1106 894 1178 quantes
925 1104 1069 1163 maximas
1100 1122 1221 1179 possum

209 1194 325 1271 gratias
350 1212 406 1270 ago
430 1195 519 1268 atque
545 1192 652 1266 habeo,
684 1193 735 1267 qui
762 1212 809 1250 me
835 1193 869 1251 in
895 1193 949 1250 illa
972 1193 1054 1251 curia
1076 1193 1220 1251 honestis-

209 1283 294 1342 simis
317 1281 585 1354 adclamationibus
606 1282 793 1354 deminuere,
816 1282 847 1339 in
872 1301 930 1356 qua
953 1283 1034 1340 curia
1056 1282 1105 1339 uel
1127 1282 1221 1339 nomi-

208 1372 277 1430 nari
295 1370 501 1430 tantummodo
525 1389 656 1429 summus
677 1370 771 1428 honor
790 1374 842 1429 est.
883 1371 986 1448 igitur,
1006 1370 1084 1446 quod
1102 1370 1221 1428 difficile

170 1483 194 1521 10
207 1463 293 1519 factu
311 1462 376 1518 erat
394 1459 529 1534 quodque
552 1479 583 1518 re
607 1479 678 1517 uera
701 1459 827 1516 arduum
849 1479 908 1518 non
929 1455 1103 1539 <iamaiie>
1122 1461 1221 1519 existi-

208 1549 364 1608 mabatur:
400 1551 520 1625 gratum
552 1566 614 1606 esse
645 1548 770 1624 populo,
807 1549 923 1624 placere
955 1548 1065 1624 ordini,
1102 1548 1222 1626 probari

156 1656 194 1706 (re)
209 1637 436 1715 magistratibus
460 1640 489 1695 et
506 1637 705 1712 principibus:
727 1637 758 1694 id
777 1669 822 1676 —
839 1637 1022 1713 pracfascine
1041 1638 1165 1696 dixerim
1178 1671 1222 1678 -

209 1729 273 1785 iam
297 1726 425 1801 quodam
448 1725 535 1784 modo
558 1726 632 1783 mihi
656 1725 773 1804 obtigit.
821 1726 893 1800 quid
914 1727 1009 1803 igitur
1031 1729 1165 1803 superest
1184 1727 1221 1784 ad

209 1818 329 1876 statuae
365 1835 447 1874 meae
479 1815 635 1889 honorem,
671 1816 730 1874 nisi
767 1815 843 1875 aeris
876 1815 1005 1892 pretium
1038 1818 1068 1873 et
1099 1815 1221 1874 artificis

172 1927 195 1968 15
209 1902 430 1964 ministerium?
461 1905 632 1979 quaemihi
655 1924 691 1962 ne
714 1905 746 1962 in
776 1904 973 1963 mediocribus
1002 1904 1120 1979 quidem
1148 1905 1220 1962 ciui-

208 1994 325 2054 tatibus
357 2013 490 2068 unquam
522 1993 651 2066 defuere,
685 2013 722 2051 ne
754 1996 789 2051 ut
822 1993 996 2070 Carthagini
1029 1993 1138 2067 desint,
1170 1992 1222 2050 ubi

210 2081 467 2159 splendidissimus
489 2077 499 2160 ΙΙ
522 2082 592 2141 ordo
621 2083 711 2140 etiam
735 2083 770 2140 de
793 2082 880 2141 rebus
902 2083 1065 2140 maioribus
1091 2083 1222 2140 iudicare
1235 2099 1252 2138 f.
1265 2101 1327 2140 ress.

209 2173 312 2248 potius
336 2172 411 2230 solet
435 2191 523 2246 quam
547 2174 725 2247 computare.
773 2171 824 2230 sed
851 2170 887 2229 de
913 2171 968 2229 hoc
991 2174 1057 2230 tum
1080 2190 1133 2248 ego
1156 2191 1221 2246 per-

209 2262 331 2334 fectius,
367 2280 434 2318 cum
470 2279 523 2319 uos
560 2260 699 2318 effectius.
747 2262 820 2335 quin
852 2260 943 2319 etiam
974 2260 1045 2334 tibi,
1081 2261 1221 2319 nobilitas

172 2375 196 2412 ao
210 2352 395 2422 senatorum,
419 2348 564 2407 claritudo
587 2349 711 2423 ciuium,
735 2349 867 2426 dignitas
891 2350 1066 2422 amicorum,
1092 2368 1160 2407 mor
1184 2350 1222 2406 ad

210 2440 426 2499 dedicationem
450 2441 566 2497 statuae
588 2458 671 2496 meae
698 2438 773 2497 libro
802 2439 894 2497 etiam
917 2438 1082 2513 conscripto
1105 2439 1221 2513 plenius

157 2545 196 2598 (u)
211 2530 326 2606 gratias
354 2546 457 2586 canam
484 2529 634 2602 tenacique
666 2527 742 2585 libro
774 2528 935 2601 mandabo,
966 2529 1012 2587 uti
1043 2547 1096 2603 per
1127 2529 1222 2600 omnis

210 2617 381 2695 prouincias
397 2619 445 2674 eat
458 2618 581 2691 totoque
600 2616 707 2674 abhinc
726 2616 796 2674 orbe
818 2619 942 2691 totoque
965 2615 1072 2673 abhinc
1090 2619 1222 2691 tempore

210 2707 316 2765 laudes
338 2705 485 2764 benefacti
507 2706 554 2764 tui
576 2705 685 2780 ubique
709 2706 844 2781 gentium
871 2724 987 2780 semper
1010 2725 1155 2764 annorum
1177 2725 1221 2763 re-

172 2817 196 2858 as
210 2797 350 2873 praesent
367 2797 388 2852 t.

238 3070 242 3082 ·
285 3052 365 3106 ride
384 3052 406 3104 F
422 3055 426 3121 l
442 3052 583 3122 integrum
601 3052 679 3120 Lips.
699 3051 795 3105 Robde
816 3054 819 3119 Ι
842 3052 897 3122 die]
920 3052 985 3106 dein
1003 3053 1081 3120 Lips.
1154 3051 1220 3104 aid

211 3140 301 3194 egone
325 3124 424 3177 scirem
447 3139 498 3177 nec
525 3123 736 3192 praedicarem?
764 3124 864 3191 scripsi
888 3126 949 3204 (nec
977 3124 1097 3192 Vossius)
1121 3122 1151 3174 id
1170 3139 1222 3191 ego

209 3195 349 3250 nescirem
369 3211 401 3248 ac
419 3194 611 3264 praedicarem
625 3195 673 3263 Fp
693 3194 723 3246 id
743 3209 795 3262 ego
813 3194 844 3246 ni
863 3211 962 3248 serrem
981 3211 1014 3247 ac
1031 3194 1223 3262 praedicarem

211 3322 274 3434 Kr,1
298 3337 360 3374 cum
393 3319 484 3374 Caluio
592 3325 607 3373 5
636 3324 686 3372 uro
714 3318 736 3370 F
769 3321 810 3390 (ut
835 3320 905 3387 uid.)
928 3298 947 3371 ii
971 3339 993 3387 φ
1020 3335 1071 3387 pro
1097 3335 1147 3372 om.
1171 3319 1221 3387 Fcp

211 3415 345 3498 Ίιῆὒθο
369 3444 390 3496 F
481 3450 497 3498 8
521 3443 772 3509 acclamationibus
796 3464 817 3513 φ
848 3447 851 3512 Ι
882 3443 959 3496 curia
977 3444 1009 3496 ia
1028 3463 1049 3512 φ
1068 3444 1131 3497 add.
1151 3449 1221 3495 m.2

203 3517 321 3571 'seclusit
339 3515 400 3569 Kr..
488 3520 521 3568 10
539 3532 595 3568 non
614 3514 788 3588 (inmerito)
807 3515 907 3582 scripsi
924 3523 942 3568 ι’]
960 3515 982 3568 F
1000 3531 1057 3567 non
1076 3533 1097 3582 φ
1114 3516 1118 3581 Ι
1134 3513 1222 3580 quod-

211 3603 266 3655 que
284 3602 385 3640 reuera
404 3585 508 3710 <eratg
527 3587 653 3655 arduum,
671 3603 729 3640 non
747 3585 963 3640 existimabatur
980 3586 1032 3638 Kr.
1096 3590 1129 3638 12
1143 3599 1222 3652 prae-

210 3657 320 3712 fascine
343 3657 397 3726 Fp
421 3660 456 3725 cs.
501 3657 585 3712 haris.
610 3659 642 3714 K.
667 3658 686 3711 Ι.
713 3676 740 3727 p.
766 3662 875 3710 235.16
898 3655 1062 3726 praefiscine
1086 3656 1138 3710 Kr.
1162 3672 1223 3708 eum

212 3729 283 3784 Gelu
342 3734 374 3781 13
394 3729 498 3799 optigit
517 3729 551 3797 φ1
607 3735 639 3782 16
658 3728 830 3798 Karthagini
848 3728 870 3780 F
889 3727 1073 3797 Cartaginip
1128 3732 1161 3778 22
1177 3741 1222 3778 ca-

210 3818 278 3854 nam
295 3801 447 3868 tenacique
464 3801 564 3868 scripsi
582 3801 735 3868 canacique
749 3800 771 3852 F
791 3799 922 3870 canaciq3
936 3820 957 3866 φ
977 3814 1076 3852 canam
1090 3797 1223 3864 ociusque

211 3873 360 3942 Scioppius
378 3874 413 3939 cf.
432 3891 459 3940 p.
481 3877 539 3926 184.
551 3877 575 3940 5,
595 3877 628 3925 91
649 3870 689 3939 0,
709 3890 735 3939 p.
756 3877 798 3926 31.
810 3876 843 3923 23
862 3871 909 3925 Kr.
926 3869 1018 3941 (Flor.)
