3125 4617
625 527 806 584 APOLOGIA
1177 533 1216 596 81

142 673 143 678 .
159 641 263 680 Oudend.
1145 641 1160 681 f.
1175 643 1234 682 1182.
1248 643 1264 683 s.
1278 645 1325 684 ltb.

206 703 277 776 ipso
303 698 474 758 sublimiora
499 695 655 774 quaepiam
682 699 845 774 uestigauit
874 701 904 756 et
930 698 963 756 in
986 698 1094 758 extimo
1117 700 1219 759 mnndi

201 793 298 866 ‘tergo
312 787 428 846 retexit.
466 787 522 846 seit
539 806 586 845 me
609 805 680 844 uera
703 785 799 845 dicere
812 787 968 860 Maximus,
991 789 1042 862 qui
1059 786 1111 847 τὸν
1129 786 1219 868 ὑπερ-

207 875 354 956 ονρᾶνιον
372 874 465 936 τόπον
488 873 535 934 ἐπὶ
557 879 597 957 τῷ
615 883 668 934 τοῦ
692 873 823 953 οὐρανοῦ
841 874 923 955 νώτῳ
941 876 1016 952 legit
1033 877 1065 934 in
1084 877 1218 938 Phaedro

207 967 379 1043 diligenter.
415 962 494 1022 idem
516 964 662 1022 Maximus
686 964 797 1039 optime
815 963 972 1041 intellegit,
994 967 1029 1022 ut
1047 965 1082 1023 de
1100 968 1218 1025 nomine

181 1055 305 1115 setiam
326 1053 412 1112 uobis
430 1053 631 1128 respondeam,
654 1052 791 1127 quisnam
809 1053 849 1111 sit
866 1054 917 1112 ille
935 1072 995 1111 non
1013 1073 1032 1112 a
1049 1073 1096 1112 me
1113 1056 1218 1130 primo,

207 1143 262 1203 sed
296 1162 315 1200 a
346 1142 471 1201 Platone
508 1140 644 1219 βασιλεὺς
680 1143 869 1217 nuncupatus
905 1137 986 1220 [περὶ
1015 1140 1068 1201 τὸν
1084 1142 1218 1202 ’πάντων

205 1227 332 1312 βασιλέα
353 1223 441 1290 πάντ’
466 1227 525 1289 ἐστὶ
545 1226 686 1289 κάκείνου
709 1227 795 1288 ἕνεκα
814 1229 919 1307 πάντα,
944 1230 1082 1306 quisnam
1105 1232 1145 1290 sit
1166 1232 1217 1291 ille

206 1314 374 1399 βασιλεύς],
402 1319 494 1378 totius
524 1334 621 1376 rerum
650 1321 774 1376 naturae
800 1337 890 1377 eausa
920 1323 951 1377 et
976 1319 1054 1378 ratio
1081 1322 1112 1378 et
1134 1321 1217 1397 origo

206 1409 353 1481 initiate,
375 1425 506 1466 summus
529 1406 622 1464 animi
644 1407 773 1483 genitor,
799 1411 942 1466 aeternus
965 1408 1149 1466 animantum
1172 1429 1216 1468 so·

142 1499 358 1575 'snespitaton
381 1496 514 1556 assiduus
536 1495 640 1553 mundi
663 1495 707 1554 sui
731 1496 844 1570 opifex,
868 1495 918 1554 sed
941 1497 1019 1554 enim
1042 1497 1104 1556 sine
1128 1515 1217 1573 opera.

168 1609 191 1646 11
207 1587 320 1663 opifex,
344 1586 406 1644 sine
425 1603 495 1643 oure
514 1585 683 1659 sospitator,
706 1583 768 1643 sine
786 1584 1001 1660 propagatione
1020 1586 1145 1661 genitor,
1166 1607 1215 1645 ne-

197 1688 267 1752 *que
290 1675 357 1733 loeo
380 1693 476 1748 neque
497 1675 631 1749 tempore
653 1691 748 1747 neque
772 1667 782 1750 ΙΙ
806 1673 871 1732 uioe
900 1673 963 1731 ulla
991 1675 1215 1749 comprehensus

208 1781 306 1839 eoque
322 1763 433 1838 paneis
456 1761 634 1838 cogitabilis,
657 1761 768 1819 nemini
792 1761 925 1819 effabilis

142 1869 191 1920 [san
277 1852 324 1910 En
352 1851 430 1910 ultro
459 1868 553 1928 augeo
583 1851 700 1926 magiae
730 1850 938 1925 suspicionem:
968 1869 1026 1909 non
1056 1852 1218 1927 respondeo
1232 1851 1312 1910 LXV

167 1962 191 2001 15
205 1941 280 2014 tibi,
304 1940 485 2014 Aemiliane,
510 1957 597 2015 quem
620 1939 716 1997 oolam
738 1935 870 2016 donello:
900 1938 972 2014 quin
1002 1940 1027 1998 si
1056 1941 1119 2015 ipse
1148 1959 1215 2015 pro-

206 2029 312 2089 consul
335 2028 507 2106 interroget,
531 2027 602 2102 quid
625 2027 665 2086 sit
683 2026 754 2086 deus
777 2046 868 2102 meus,
891 2030 984 2087 taceo.
1038 2056 1042 2064 ·

277 2110 281 2199 Ι
311 2117 357 2176 De
388 2118 506 2176 nomine
538 2119 572 2174 ut
607 2115 875 2192 inpraesentiarum
906 2118 979 2175 satis
1011 2116 1079 2174 dixi.
1135 2118 1213 2192 quod
1227 2135 1246 2172 f.
1261 2137 1307 2175 αι

206 2207 358 2282 superest,
383 2211 442 2264 'neo
471 2205 535 2280 ipse
565 2223 631 2263 sum
657 2205 772 2264 nescius
797 2204 939 2280 quosdam
962 2205 1215 2264 circumstantium

281 2398 297 2444 2
316 2389 434 2445 Phaedr.
453 2409 480 2460 p.
501 2396 580 2444 2470.

279 2469 297 2516 6
316 2461 404 2532 Epist.
423 2462 449 2514 H
466 2480 493 2530 p.
513 2467 564 2515 312
584 2463 669 2531 (403):
693 2456 747 2515 tor
770 2460 824 2530 γὰρ
848 2462 915 2532 ἔχει·
939 2464 1004 2531 περὶ
1027 2462 1077 2516 τὸν
1099 2461 1214 2516 πάντων

316 2531 430 2605 βασιλέα
447 2529 530 2587 πάντ’
553 2532 609 2586 ἐστὶ
627 2532 675 2587 καὶ
694 2528 804 2587 ἐκείνου
824 2531 908 2588 ἕνεκα
925 2533 1033 2602 πάντα,
1056 2534 1104 2588 καὶ
1123 2533 1213 2588 ἐκεῖνο

315 2604 406 2659 αἴτιον
426 2603 632 2658 ἁπάντωντῶν
651 2607 750 2658 καλῶν.

281 2822 295 2869 1
315 2776 432 2870 ualidis
449 2816 470 2870 F
488 2814 604 2869 uestiuit
622 2837 643 2884 φ
664 2817 668 2883 Ι
694 2775 792 2888 edilmo
811 2817 832 2868 F
851 2817 899 2886 (od
915 2819 965 2871 loe
980 2818 1144 2872 monum
1161 2835 1187 2870 m
1206 2859 1211 2869 .

205 2890 227 2942 F
249 2887 337 2944 adeor.
359 2887 377 2939 d
395 2894 420 2942 et
437 2888 523 2944 atera
541 2903 573 2940 m.
594 2888 622 2959 0)
646 2887 744 2940 estimo
763 2907 786 2955 φ
893 2893 909 2940 2
932 2890 1011 2957 tergo
1033 2887 1135 2941 retexit
1189 2906 1211 2941 r.

206 2957 327 3028 igeretit
354 2958 402 3027 Fo
424 2962 428 3026 Ι
447 2957 748 3027 ΤΟΠΕρθγρὰΜΟΝ
766 2958 1173 3070 ΤΟΠΟΝΕΓΟΥΡΑΙΝΟΥῬΤΟ
1191 2958 1212 3008 F

209 3088 225 3135 3
245 3079 326 3136 fe'd'ro
345 3081 394 3150 Pp
448 3081 624 3192 [intellegit
642 3081 663 3133 F
679 3081 855 3151 intelligito
914 3087 930 3134 ὅ
949 3086 1015 3151 ,iia
1028 3097 1073 3135 me
1086 3097 1171 3152 prnoJ
1191 3102 1212 3149 φ

208 3209 253 3269 (να
270 3223 326 3260 ras.
346 3220 394 3260 ser.
414 3222 447 3260 νι.
465 3211 664 3276 ¹2,'r'ret·pmo
679 3211 720 3260 ἀν.
741 3212 756 3258 3
775 3206 910 3276 repetiuit)
1000 3211 1015 3257 0
1038 3205 1113 3259 ΠΕΡΙ
1136 3205 1211 3259 Trou

204 3275 483 3332 nomousocoeo
515 3277 519 3350 Ι
547 3272 1099 3340 ΠὰΝΤΕΠΙΚὰΜΕΙΝΟΓΞηνκαΠὰΝΤὰ.
1133 3275 1211 3344 (fuit

204 3363 319 3474 teto
334 3349 414 3473 10(
431 3349 772 3476 mellttllmrttns
792 3345 1213 3488 {tuost-tls

206 3494 235 3543 et
253 3489 333 3560 'origo
352 3489 405 3544 Kr.
425 3496 486 3544 oum
503 3437 610 3545 Jarmid
624 3490 731 3564 deleuit,
749 3491 796 3544 sed
813 3491 847 3557 ef.
867 3490 934 3544 Met.
953 3487 991 3541 1v
1006 3493 1049 3558 30,
1067 3460 1094 3559 ῥ’.
1109 3493 1151 3541 90.
1163 3493 1210 3554 2⁶3

208 3563 254 3614 ‘en
273 3559 475 3615 elementorum
493 3561 570 3630 origo
589 3557 718 3614 initielis'
738 3567 763 3615 et
779 3559 818 3612 XI
832 3566 860 3629 5,
879 3565 1009 3630 psttw
1026 3558 1211 3613 ‘saeculorum

199 3632 354 3702 ‘progenies
382 3629 512 3685 initialie’
595 3637 618 3685 ·9
643 3634 826 3701 affiantnmp
917 3637 950 3685 10
968 3631 1066 3684 mundi
1088 3643 1106 3689 o
1131 3630 1210 3696 suil'

208 3709 239 3757 12
265 3719 335 3770 neq3
363 3702 425 3758 uice
453 3702 512 3756 ulla
539 3703 560 3754 F
596 3705 634 3772 κῆ
661 3702 723 3755 uice
754 3702 814 3756 ulla
841 3724 863 3772 φ
899 3720 951 3758 nee
982 3702 1042 3756 nlla
1067 3702 1130 3756 uioe
1157 3703 1209 3757 Kr.

207 3833 240 3880 14
254 3825 595 3898 suspicioneme(tdem
607 3845 634 3896 p.
650 3831 692 3880 82,
703 3828 730 3895 5)
790 3831 822 3880 10
836 3786 1019 3896 aldilianeo
1084 3829 1210 3882 rosaceo

206 3897 254 3967 Fp
288 3898 391 3952 tacebo
423 3898 474 3952 Kr.
503 3915 563 3952 owm
594 3899 653 3952 odd.
685 3913 735 3967 seq.
845 3903 878 3951 17
910 3897 1161 3968 inpraesentiarum
1189 3898 1210 3950 F

257 3997 355 4037 Armi
367 3996 511 4047 Apologia
525 4000 549 4037 et
562 3996 686 4036 Florida.
1037 3993 1052 4041 6
