3125 4617
316 491 380 556 154
591 491 622 544 L.
641 488 775 544 APVLEI
792 488 1054 544 MADAVRIINSIS

207 599 329 642 susem.
343 601 392 640 ue.
1269 598 1348 640 neo

312 663 371 736 est,
402 658 528 718 barbare
560 659 635 718 alios
665 659 807 718 insectmi
843 657 1029 718 audientium
1058 659 1241 718 contumelia
1271 663 1326 718 est

311 767 351 807 an
382 768 441 807 non
472 767 620 808 summum
651 749 864 807 contumelium
893 746 979 806 nobis
1009 749 1151 823 imponit,
1187 749 1243 824 qui
1271 767 1326 808 uos
1341 765 1384 813 (eq

311 837 477 897 arbitratio
506 836 672 897 maledictis
705 838 813 913 optimi
842 838 984 912 cuiusque
1016 836 1160 914 gaudere,
1191 839 1247 913 qui
1271 856 1325 896 uos

312 926 463 986 existimat
483 927 565 984 mula
587 929 619 985 et
644 926 755 985 uitiosa
780 927 874 986 uerba
904 945 966 985 non
995 925 1169 1003 intellegere
1202 930 1271 1001 aut,
1299 928 1325 986 si
1421 930 1422 937 ’

310 1015 503 1094 intellegatis,
526 1014 597 1074 boni
619 1013 793 1074 consulere?
829 1015 897 1091 quis
919 1035 956 1075 ex
980 1014 1184 1090 rnpioonibus,
1209 1015 1325 1090 baiolis,
1352 1036 1366 1074 e

309 1105 489 1164 tabernariis
510 1107 575 1163 tum
597 1103 696 1163 intans
719 1107 778 1179 est,
806 1107 856 1179 nt,
883 1104 911 1164 si
935 1104 1064 1180 pallium
1084 1103 1220 1180 accipere
1242 1105 1325 1178 uelit,

310 1189 412 1272 (noc)
433 1194 574 1254 disertius
595 1191 775 1253 maledicet?

213 1281 290 1339 VIII
374 1283 391 1318 *
409 1283 426 1318 *
444 1283 461 1318 *
478 1281 537 1340 Hie
559 1283 639 1341 enim
659 1282 728 1357 plus
750 1282 811 1342 sibi
831 1281 921 1342 debet
942 1300 1034 1357 qnam
1055 1281 1211 1362 dignitati,
1233 1301 1325 1358 quan·

218 1387 402 1448 umquam
426 1390 482 1430 neo
512 1371 585 1430 hueo
615 1371 663 1430 illi
693 1372 735 1430 sit
765 1361 933 1431 oum'uliis
963 1371 1142 1446 promiscua
1186 1390 1262 1429 nam
1292 1391 1327 1431 er

309 1461 473 1520 innumeris
490 1459 659 1519 hominibus
677 1461 767 1536 puuoi
784 1463 946 1534 senatores,
963 1479 1000 1520 ex
1012 1459 1201 1520 senatoribus
1215 1461 1306 1536 pauci
1320 1455 1325 1540 l
1339 1482 1367 1519 ro

310 1549 424 1608 nobiles
447 1567 554 1626 genere
580 1551 611 1607 et
638 1569 674 1608 ex
699 1550 738 1608 iis
761 1544 878 1627 (posci
899 1549 1067 1608 consuleres
1089 1553 1117 1607 et
1137 1544 1196 1627 cx>
1219 1568 1325 1609 consu-
1337 1566 1383 1611 (se)

309 1637 423 1697 leuibus
444 1637 534 1714 pauci
555 1637 626 1697 boni
649 1641 680 1698 et
702 1638 800 1697 adhuc
821 1657 858 1697 ex
878 1637 965 1696 bonis
991 1636 1082 1714 pauci
1108 1638 1229 1698 eruditi
1276 1638 1417 1701 sedo-em.

310 1729 345 1785 ut
366 1728 473 1803 loquer
495 1725 532 1786 de
554 1727 617 1786 solo
639 1727 760 1802 honore,
782 1745 844 1786 non
868 1727 942 1786 lieet
961 1726 1094 1803 insignia
1119 1725 1183 1786 eius
1211 1729 1327 1788 uestitu

309 1817 361 1875 uel
383 1817 517 1876 calceatu
538 1819 649 1875 temere
670 1835 826 1892 usurpare

247 1903 292 1964 IX
381 1905 414 1965 Si
437 1906 503 1982 quis
525 1906 603 1964 forte
624 1905 657 1964 in
678 1905 735 1964 hoc
754 1905 956 1981 pulcherrimo
977 1907 1065 1964 coetu
1081 1923 1118 1963 ex
1134 1904 1197 1964 illis
1214 1904 1328 1966 inuiso·
1342 1925 1366 1965 ie

312 1994 394 2054 ribus
417 1995 491 2054 meis
513 1995 664 2071 malignus
686 1995 778 2069 sedet,
800 1993 942 2070 quonium
963 1993 1053 2052 utin
1069 2013 1182 2071 magns
1198 1994 1328 2054 ciuitate

311 2083 367 2143 hoc
390 2103 507 2160 quoque
529 2102 622 2161 genua
644 2084 810 2158 inuenitm,
837 2084 890 2158 qni
914 2083 1052 2142 meliores
1073 2081 1242 2142 obtrectare
1264 2103 1328 2143 ma·

311 2173 369 2232 lint
400 2193 491 2249 quam
521 2173 647 2247 imitari,
682 2176 713 2231 et
744 2191 871 2249 qnorum
901 2171 1128 2232 similitudinem
1158 2171 1329 2248 desperent,

312 2262 470 2322 eorundem
483 2261 632 2321 adfectent
648 2253 851 2344 simultatem,
872 2261 986 2320 wilicet
1006 2261 1053 2319 nti
1070 2260 1123 2336 qui
1136 2279 1191 2320 suo
1204 2264 1327 2322 nomine
1340 2279 1381 2327 (se)

311 2350 428 2410 obscuri
450 2354 534 2425 sunt,
559 2361 625 2408 meo
646 2351 848 2410 innotescente
873 2352 902 2408 si
923 2350 977 2425 qni
996 2351 1091 2427 igItur
1112 2369 1149 2408 ex
1169 2350 1235 2409 illis
1256 2351 1327 2411 lisci-
1340 2373 1367 2411 ro

311 2438 404 2498 <lincis
422 2439 659 2516 splendidissimo
680 2439 751 2498 hnic
773 2438 922 2499 auditorio
939 2439 1025 2498 uelut
1041 2438 1190 2514 quaedam
1205 2441 1327 2499 macule

310 2546 342 2586 se
363 2527 539 2603 immiscuit,
568 2528 659 2587 uelim
687 2529 842 2604 paulisper
867 2546 937 2587 suos
965 2528 1066 2587 oculos
1094 2547 1149 2603 per
1176 2528 1259 2588 hunc
1281 2530 1326 2590 in·

310 2615 481 2676 credibilem
516 2635 685 2676 consessum
720 2618 923 2691 circumferat,
958 2617 1237 2692 contemplatusque
1266 2619 1326 2678 fre

311 2704 464 2779 quantiam
485 2708 603 2764 tantm
625 2709 738 2781 quanta
760 2710 831 2766 ante
852 2726 901 2765 me
921 2706 955 2764 in
981 2705 1130 2765 auditorio
1151 2705 1327 2785 philosophi

310 2811 463 2867 nunqnam
485 2795 610 2852 uisitata
632 2798 690 2868 est,
718 2798 839 2872 reputet
860 2815 929 2854 cum
950 2796 1050 2853 animo
1078 2813 1146 2869 suo,
1176 2800 1364 2871 quantumst

309 2882 474 2958 periculum
496 2883 714 2942 conseruandae
737 2884 965 2944 existimationis
987 2883 1037 2942 hio
1058 2882 1156 2958 meat,
1178 2884 1233 2960 qui
1256 2904 1324 2944 con·

309 2973 403 3032 temni
424 2990 483 3030 non
507 2973 674 3047 consueuit,
703 2990 770 3030 oum
792 2974 834 3032 sit
860 2973 986 3032 arduum
1007 2975 1038 3030 et
1059 2972 1170 3049 oppido
1191 2972 1325 3050 difficile,

381 3161 465 3232 ean]
486 3163 557 3229 etp
642 3165 659 3213 3
678 3159 779 3230 optimi
797 3159 934 3229 cuiusque
955 3157 1116 3214 maledictis
1133 3179 1157 3230 φ
1244 3161 1324 3215 tiu-

308 3229 474 3301 telligerep
525 3230 765 3302 intelligentiae
821 3233 899 3304 eut]
918 3231 988 3300 quin
1005 3230 1131 3285 Nm
1184 3231 1322 3305 ¹1<nou)

309 3303 429 3369 inm&
447 3303 500 3357 Kr.
514 3319 572 3357 non
585 3304 682 3358 inserit
695 3309 759 3372 post
776 3302 1052 3374 disertisldieertins
1068 3301 1119 3372 1¹9
1133 3301 1249 3356 disertis
1268 3304 1321 3358 Kr.

310 3377 327 3426 8
346 3373 402 3428 sibi
421 3373 533 3429 Οοῑυίω
549 3374 605 3429 tibi
622 3374 731 3443 FpKr.
823 3380 856 3426 11
874 3374 912 3428 iis
929 3374 952 3428 F
969 3374 1015 3427 liis
1033 3375 1077 3443 φΙ
1096 3373 1204 3446 <penei
1222 3391 1322 3428 conen-

309 3443 856 3518 lueretexmppouitoromiue
945 3443 1219 3515 ltpoloerrimop
1254 3449 1323 3514 {ex

309 3513 379 3587 illis]
407 3515 533 3570 exssisF
647 3521 680 3570 16
706 3515 849 3586 malignus
875 3515 1162 3586 FpmnlignisKr.
1190 3519 1197 3585 Ι
1226 3517 1322 3584 qne

311 3591 345 3640 1⁹
363 3585 498 3641 affectent
515 3607 538 3656 φ
610 3592 644 3640 20
663 3587 752 3655 siquis
770 3607 794 3657 φ
815 3590 821 3656 Ι
842 3586 988 3642 liuidineis
1005 3587 1106 3656 scripsi
1120 3602 1182 3639 m
1202 3587 1322 3644 Gntm

309 3663 336 3713 d
352 3656 468 3713 summ
491 3657 621 3711 libidinis
638 3658 689 3728 l'qi
716 3659 809 3713 mdes·
830 3657 984 3728 compete
1005 3659 1109 3713 obtinet
1132 3657 1201 3711 let
1219 3657 1261 3712 lx
1279 3665 1322 3724 12,

309 3800 472 3864 p.1er.1s
515 3865 523 3876 .
601 3747 898 3870 ssilt'fllnpmetp
928 3797 952 3851 i*
978 3797 1068 3852 uelim
1097 3798 1321 3871 speutispcro

310 3867 565 3933 ”contenpmq

199 3956 919 4252 Mn
