3125 4617
324 501 388 565 108
601 499 631 553 L.
650 497 784 554 anaEI
801 498 1061 555 MADAVRENSIS

214 610 230 650 ι.
245 609 399 652 aaaron.
1285 610 1372 652 naon

324 670 436 730 dioeros
457 667 609 743 nemisse,
638 667 675 726 de
699 687 735 726 ee
756 667 814 727 tibi
836 668 939 745 paneis
965 668 1165 745 respondebo:
1195 689 1269 730 nam
1291 691 1340 731 ne·

325 777 404 820 cesse
426 777 487 818 non
510 761 555 817 est
577 758 609 815 in
631 775 664 816 re
686 759 751 815 tam
771 757 933 833 perspicua
954 756 1093 834 pluribus
1116 757 1284 835 disputare.
1408 766 1410 815 l

393 841 397 930 Ι
421 847 513 907 Pater
540 845 602 906 eius
628 847 732 904 natam
761 845 820 904 sibi
848 845 944 904 filiam
972 864 1055 906 more
1084 852 1252 907 ceterorum
1274 868 1341 927 pro

323 938 420 998 fessus
444 939 497 996 est.
542 934 665 995 tabulae
688 934 753 994 eius
775 936 888 1010 partim
910 933 1061 994 tabulario
1083 936 1206 1013 publico
1228 939 1410 1014 pertimeas

325 1028 414 1088 domo
435 1026 643 1099 adseruantur,
666 1043 741 1099 quae
764 1023 827 1082 iam
848 1022 907 1082 tibi
930 1022 968 1082 ob
991 1043 1024 1084 os
1047 1024 1228 1086 obiciuntur.
1273 1047 1375 1104 por-s
1409 1072 1410 1109 p

324 1118 445 1195 rigatu
467 1113 636 1174 Aemiliano
658 1111 779 1171 tabulas
802 1113 891 1172 istas:
919 1113 1018 1172 linum
1044 1114 1226 1191 consideret,
1255 1117 1342 1195 signa
1409 1144 1410 1205 q

326 1225 403 1282 quae
434 1205 581 1280 impressa
612 1203 682 1262 sunt
712 1204 918 1279 recognoscat,
950 1203 1087 1263 eonsules
1116 1204 1214 1282 legat,
1248 1224 1339 1266 annos
1352 1219 1400 1271 (su)

326 1295 487 1370 computet,
510 1307 583 1366 quos
606 1290 762 1368 sexaginta
784 1290 902 1349 mulieri
918 1290 1107 1372 adagnabat,
1127 1293 1239 1369 probet
1257 1295 1341 1371 quin·

326 1401 384 1459 que
407 1384 438 1440 et
461 1381 694 1456 quinquagintaz
716 1378 813 1438 lustro
835 1380 980 1440 mentitus
1001 1381 1049 1439 sit
1085 1401 1195 1457 parum
1212 1384 1271 1443 hoo
1288 1387 1341 1459 est,

325 1469 480 1530 liberalius
510 1487 610 1547 egem:
639 1487 711 1528 nem
740 1470 771 1526 et
799 1467 864 1544 ipse
887 1468 1077 1528 Pudentillae
1105 1471 1219 1531 multos
1250 1491 1378 1533 annosno

325 1560 452 1637 largitus
476 1561 534 1632 esu
560 1555 711 1616 redonabo
733 1555 830 1634 igitur
851 1557 994 1617 uicissim.
1040 1557 1141 1618 decem
1163 1578 1260 1621 annos
1282 1563 1341 1622 Me·

325 1647 439 1708 sentius
463 1666 531 1706 oum
554 1646 641 1705 Vlixe
665 1646 792 1706 errauit:
823 1644 1043 1725 quinquaginta
1064 1648 1172 1708 saltem
1196 1669 1341 1710 annorum

325 1737 483 1797 mulierem
505 1735 652 1796 ostendat.
699 1733 771 1810 quid
798 1733 924 1795 multis?
953 1738 988 1795 ut
1012 1755 1079 1796 eum
1106 1738 1341 1816 quadruplatore

327 1845 428 1906 agam,
457 1823 504 1885 bis
534 1823 659 1900 duplum
688 1823 924 1899 quinquennium
953 1826 1077 1902 faeiem,
1107 1825 1220 1905 uiginti
1251 1847 1341 1889 annos

327 1917 418 1978 semel
441 1913 604 1974 detraham.
648 1912 728 1989 iube,
750 1912 888 1988 Maxime,
916 1914 1051 1974 eonsules
1075 1919 1258 1992 computari:
1285 1919 1375 1980 nisio

325 2007 429 2081 fallor,
464 2004 598 2062 inuenies
635 2020 715 2060 nuno
745 2000 935 2062 Pudentillae
970 2003 1053 2062 baud
1083 2005 1180 2065 multo
1215 2007 1341 2084 amplius
1412 1988 1413 2083 i

328 2092 611 2172 quadragensimum
639 2110 750 2150 annum
780 2092 889 2151 aetatis
916 2091 968 2151 ire.
1014 2092 1165 2154 ofalsum
1192 2095 1291 2156 audax
1313 2101 1341 2156 et

327 2185 462 2259 nimium,
484 2200 502 2240 o
525 2179 713 2240 mendacium
735 2177 847 2257 uiginti
870 2199 1015 2239 annorum
1039 2182 1127 2242 exilio
1144 2184 1340 2259 puniendum:

328 2272 451 2333 dimidio
474 2272 574 2344 tauta,
595 2267 778 2344 Aemiliane,
804 2269 954 2346 mentiris,
981 2270 1059 2330 false
1081 2271 1174 2332 audes
1197 2275 1340 2351 sesquinl·
1353 2287 1399 2340 (us)

220 2374 236 2418 t.
251 2375 313 2416 nse.
327 2363 406 2422 tera!
429 2360 455 2421 si
476 2359 603 2436 triginta
626 2375 719 2416 annos
736 2352 747 2436 ΙΙ
764 2377 820 2434 pro
843 2357 944 2417 decem
966 2358 1100 2435 dixisses,
1121 2380 1226 2438 posses
1248 2364 1376 2424 uiderim
1413 2394 1414 2397 κ

327 2447 558 2527 eomputationis
578 2449 663 2526 gestu
682 2464 805 2521 enasse,
826 2466 899 2523 quos
918 2449 1062 2508 euenere
1076 2448 1214 2510 debueris
1233 2451 1340 2531 digitos

328 2538 487 2615 aperuisse.
533 2555 599 2596 oum
630 2553 702 2594 uero
733 2535 945 2614 quadraginta,
980 2555 1055 2612 quae
1084 2539 1203 2600 facilius
1238 2542 1341 2601 ceteris

418 2765 434 2814 s
453 2759 488 2814 ef.
507 2758 599 2814 Plena.
618 2757 701 2813 Most.
721 2762 783 2812 619.

401 2838 433 2887 11
454 2830 488 2886 ef.
507 2848 535 2901 p.
557 2834 633 2885 uae.

401 3051 415 3100 1
432 3044 564 3132 nubsisse
586 3044 608 3098 F
632 3044 763 3114 nupsisse
786 3064 808 3116 φ
842 3047 847 3115 Ι
879 3059 947 3098 nam
969 3060 1082 3100 neeesse
1103 3061 1160 3101 non
1183 3052 1229 3102 est
1247 3071 1269 3119 φ
1296 3066 1341 3104 ne·

330 3148 464 3250 00⁸⁸in
483 3187 505 3242 F
525 3190 628 3259 (-oesse
646 3193 659 3242 ἓ
679 3201 730 3242 ser.
748 3204 783 3242 m.
804 3192 819 3240 1
839 3187 871 3242 ie
888 3204 942 3244 ras.
961 3224 992 3245 s
1007 3193 1044 3243 eet
1057 3205 1092 3243 m.
1106 3189 1133 3258 2)
1206 3192 1341 3261 apartim

328 3260 474 3346 tabulario
488 3260 511 3313 F
530 3259 586 3383 gud
603 3259 635 3312 iu
652 3276 704 3330 mg.
723 3275 810 3313 mona
828 3260 945 3329 antiqua
966 3260 1097 3328 seriptum
1114 3265 1152 3315 est
1166 3264 1343 3346 flbsqu

329 3352 396 3405 quea
415 3348 444 3387 ee
461 3349 494 3387 m
513 3347 530 3385 a
551 3331 698 3384 seruentur
710 3330 767 3397 sere
779 3346 889 3386 amum
905 3335 973 3397 erat,
991 3331 1065 3386 unde
1081 3338 1195 3388 tranant
1212 3351 1246 3388 m
1260 3355 1282 3403 φ
1296 3337 1342 3390 ubo

330 3417 1057 3531 legitur:pertiretabulario‚es.123.14;112.1Kr.
1096 3455 1342 3529 susannense

331 3535 365 3585 14
383 3528 517 3601 [bgigejl'
545 3526 710 3596 bprimitue
732 3524 752 3577 h
773 3526 859 3593 fuisse
880 3525 1005 3593 emam,
1032 3526 1214 3584 subsistere
1230 3531 1344 3586 uidetur

329 3604 359 3669 n)
377 3599 422 3654 hie
441 3620 463 3670 φ
540 3602 574 3652 lb
593 3594 691 3670 semel]
710 3595 794 3649 simul
813 3596 936 3650 Boseoba
1021 3601 1056 3650 17
1075 3597 1343 3669 quadragensimum

329 3673 351 3727 l*
376 3677 381 3742 Ι
406 3688 422 3726 0
441 3687 491 3724 oen.
512 3690 533 3740 φ
642 3672 675 3721 19
693 3669 776 3721 tanta
794 3666 816 3719 F
834 3667 914 3720 tauto
934 3686 955 3735 φ
975 3668 1317 3743 (svesamma)

330 3741 490 3808 audefleeq3
509 3739 599 3794 altera
615 3738 666 3807 Fp
756 3743 789 3790 21
812 3752 863 3806 pro
886 3738 1104 3806 eomputationis
1122 3745 1205 3810 gestu
1223 3743 1278 3798 Kr.

329 3811 551 3948 staalda*
568 3808 813 3945 &bibiti
828 3808 956 3945 5333ss
971 3826 1000 3946 t·
1021 3814 1108 3864 ¹⁰⁹³
1139 3812 1142 3884 ¹
1170 3812 1343 3870 naseam
