3125 4617
337 475 380 538 94
610 473 638 524 L.
658 471 789 524 APVLEI
807 469 1064 526 MADAVRENSIS

233 585 247 624 f.
262 585 320 624 1202.
335 583 350 623 t.
365 583 411 622 191.
1284 580 1326 618 Ed.
1339 578 1410 617 Oudrni

338 643 455 700 tantum
468 641 546 700 enim
565 641 603 698 ad
621 658 687 698 eum
706 657 740 696 ex
753 638 839 697 bonis
856 639 961 696 matris
978 638 1104 699 liberum
1117 640 1210 716 uenit,
1224 643 1339 716 praeter

340 729 418 806 quod
449 731 477 786 ei
507 748 581 789 uxor
612 747 667 787 sua
698 726 879 802 quotidianis
911 726 1029 787 dotibus
1062 730 1219 804 quaesiuit.
1265 747 1339 804 quae

339 822 437 877 tamen
461 819 559 876 omnia
581 819 613 874 in
634 817 736 892 paucis
764 816 849 874 annis
878 816 921 873 ita
949 815 998 873 hio
1026 816 1182 894 degulator
1210 818 1339 876 studiose

338 908 370 965 in
383 909 516 967 uentrem
535 905 666 964 condidit
680 907 709 962 et
723 904 897 963 omnimodis
916 905 1216 965 conluroinationibus
1236 905 1340 981 dilapi-

340 996 432 1069 dauit,
454 997 488 1052 ut
511 993 639 1052 crederes
661 994 803 1066 metuere,
825 1010 862 1050 ne
886 992 957 1068 quid
979 992 1086 1051 habere
1109 1012 1144 1051 ex
1166 994 1272 1052 fraude
1289 1014 1339 1069 pa·
1363 1012 1372 1050 s

337 1087 423 1142 terna
441 1083 597 1141 diceretur:
620 1083 707 1140 homo
730 1083 824 1140 iustus
847 1082 957 1140 saliret
978 1101 1094 1141 morum
1113 1082 1194 1140 dedit
1213 1101 1341 1159 operam,

339 1171 417 1247 quod
439 1171 516 1229 male
538 1172 657 1244 partum
680 1173 743 1227 erat
765 1172 801 1227 ut
823 1168 900 1227 mals
922 1170 1040 1244 periret,
1062 1189 1116 1228 nec
1137 1171 1297 1246 quicquam
1314 1173 1339 1228 ei
1353 1183 1394 1233 (sat

337 1259 473 1322 relictum
497 1260 541 1316 eet
563 1276 600 1314 ex
621 1258 749 1336 largiore
776 1258 897 1316 fortuna
926 1261 1044 1332 praeter
1072 1259 1266 1317 ambitionem
1287 1261 1339 1317 mi·
1353 1272 1394 1322 (stt

340 1366 434 1406 seram
448 1333 487 1405 'et
508 1345 685 1422 profundam
707 1346 816 1422 gulam.

233 1435 355 1494 LXXVI
423 1433 558 1493 Ceterum
571 1453 644 1492 uxor
660 1435 720 1492 iam
734 1433 945 1509 propemodum
963 1435 1064 1492 uetula
1078 1438 1108 1493 et
1121 1436 1209 1494 effeta
1222 1438 1271 1494 tot
1282 1438 1340 1494 iam
1353 1458 1373 1494 ιο

340 1524 443 1581 domus
466 1523 649 1581 contumeliis
673 1522 787 1580 abnuit.
822 1522 884 1580 filia
907 1525 1006 1581 autem
1028 1541 1081 1599 per
1103 1523 1338 1583 adulescentulos

235 1629 250 1668 r.
266 1628 324 1667 moe.
339 1612 459 1670 ditiores
483 1611 677 1671 inuitamento
703 1612 808 1670 matris
836 1628 905 1670 suae
932 1612 1127 1687 nequicquam
1150 1605 1337 1695 circumdata,

340 1699 516 1776 quibusdam
539 1701 629 1758 etiam
651 1701 747 1774 procis
771 1699 809 1757 ad
832 1698 1041 1775 experiundum
1058 1700 1210 1775 permissa,
1234 1703 1292 1760 nisi
1308 1702 1336 1758 in

339 1789 514 1847 facilitatem
543 1788 682 1848 Pontiani
711 1788 877 1863 incidisset,
906 1788 1030 1848 fortasse
1060 1807 1098 1847 an
1123 1789 1221 1848 adhuc
1251 1789 1336 1848 uidua
1409 1806 1410 1861 t

339 1881 406 1936 ante
439 1896 527 1952 quam
558 1877 650 1935 nubta
682 1875 760 1934 domi
790 1876 919 1936 sedisset.
963 1875 1126 1936 Pontianus
1157 1879 1184 1936 ei
1212 1879 1335 1936 multum
1346 1884 1410 1941 (⁵⁵⁸⁵

340 1965 456 2042 quidem
479 1965 701 2024 dehortantibus
724 1964 808 2024 nobis
831 1965 1003 2041 nuptiarum
1028 1965 1150 2024 titulum
1177 1966 1286 2025 falsum
1307 1970 1365 2024 etc
1409 1968 1410 1981 ¹

338 2055 545 2131 imaginarium
569 2052 702 2127 donauit,
732 2071 791 2112 non
817 2054 932 2112 nescius
958 2072 1023 2112 eam
1044 2055 1133 2129 paulo
1156 2058 1227 2114 ante
1251 2075 1335 2131 quam

338 2143 473 2216 duceret,
503 2141 670 2217 aquodam
697 2141 903 2200 honestissimo
933 2143 1037 2200 iuuene
1068 2143 1114 2201 cui
1140 2144 1224 2218 prius
1251 2147 1333 2219 pacta

338 2232 435 2290 fuerat
463 2232 531 2306 post
561 2231 728 2289 satietatem
757 2231 935 2288 derelictam.
981 2232 1063 2289 uenit
1090 2232 1184 2308 igitur
1212 2233 1252 2290 ad
1275 2243 1411 2293 cumputo

338 2338 415 2378 noua
438 2321 531 2394 nupta
559 2337 661 2377 secura
684 2321 713 2376 et
740 2318 902 2395 intrepida,
933 2319 1044 2393 pudore
1071 2319 1244 2395 dispoliato,
1270 2322 1365 2379 floron

339 2407 466 2482 exoleto,
494 2407 628 2465 flammeo
651 2406 795 2481 obsoleto,
825 2407 909 2484 uirgo
938 2427 1054 2466 rursum
1083 2411 1151 2482 post
1172 2427 1274 2469 recens
1295 2428 1333 2466 re-

338 2495 461 2570 pudium
484 2514 588 2553 nomen
610 2496 709 2570 potius
732 2496 867 2556 adferens
884 2496 1001 2571 puellae
1021 2515 1109 2571 quam
1126 2497 1333 2574 integritatem.

339 2584 511 2642 uectabatur
530 2583 695 2666 octaphoro.
732 2583 849 2644 uidistis
867 2585 1067 2661 profecto-qui
1086 2585 1232 2661 adfuistis,
1252 2606 1335 2663 quam

339 2671 472 2756 improba
501 2673 641 2729 iuuenum
670 2673 952 2748 cnomspectaum,
987 2692 1075 2748 quam
1108 2675 1266 2735 immodica
1294 2674 1334 2734 sui

411 2828 443 2874 14
463 2821 496 2877 cf.
516 2822 581 2876 Met.
600 2822 638 2874 IV
657 2828 690 2876 se
708 2841 735 2891 p.
755 2830 850 2878 seua.

361 3018 366 3030 .
411 2954 478 3000 lex
496 2946 543 3015 Fp
564 2949 629 3028 (aen
647 2945 691 3014 de)
764 2947 987 3016 teotidianisp
1064 2947 1334 3030 teondurohinatio·
1407 2898 1408 2947 t

339 3018 530 3162 diritatis>
558 3019 735 3141 trudat
752 3018 1335 3160 {attestatius

339 3161 466 3214 Acidalio
476 3162 504 3213 et
513 3158 820 3231 m.<integer>00loiea
829 3160 858 3211 et
867 3157 1194 3232 m.<ueterum>Sorioerr
1252 3167 1285 3215 10
1299 3159 1333 3214 ef·
1406 3160 1407 3221 i

339 3230 413 3285 fecta
432 3231 453 3284 F
473 3234 497 3301 (c
515 3231 565 3286 del.
585 3248 618 3284 m.
641 3231 674 3297 r.)
700 3228 783 3284 effeta
808 3249 830 3297 φ
859 3233 863 3297 Ι
892 3231 936 3284 tot
959 3230 1017 3285 iam
1041 3231 1138 3284 domus
1164 3231 1334 3286 contumeliis
1406 3234 1407 3279 t

338 3303 436 3384 scripsi
453 3303 542 3356 totam
561 3300 673 3356 domum
691 3298 865 3355 contumeliis
883 3299 956 3383 prt
977 3319 1050 3355 nuno
1069 3303 1180 3356 demum
1197 3305 1334 3383 contume-

339 3373 458 3510 qqshqqrt..
474 3372 749 3511 esqmlq'aqqeqssoqa
768 3371 1025 3508 ddmffiaddddbr'
1091 3378 1129 3495 14l
1134 3370 1334 3510 lfdddutdepd

341 3572 373 3620 15
392 3565 519 3623 nubtaF
593 3572 625 3620 16
644 3515 835 3622 addiscuntur
854 3586 875 3634 φ
892 3568 896 3633 t
912 3565 1071 3634 nuptiarum
1089 3566 1138 3635 Fp
1211 3572 1244 3620 19
1262 3567 1334 3621 dero-

338 3650 465 3744 lieti⁸'³s
484 3639 618 3744 derelictda
636 3711 657 3758 φ
677 3692 704 3760 (a
722 3707 755 3748 ex
771 3707 791 3742 u
809 3689 887 3756 corr.)
959 3694 992 3742 20
1006 3688 1161 3770 despoliato
1176 3690 1197 3741 F
1211 3694 1241 3760 (a
1253 3708 1336 3760 sopra

340 3760 439 3815 luseum
457 3760 519 3812 add.
539 3777 572 3814 m.
594 3760 619 3826 1)
638 3758 788 3827 dispoliato
813 3780 834 3826 φ
858 3766 882 3812 et
900 3777 949 3830 mp.
969 3761 991 3812 F
1015 3757 1164 3827 dispoliato
1187 3759 1295 3828 pudore
1314 3782 1333 3829 φ

340 3832 373 3878 22
388 3827 515 3879 adferens
534 3828 555 3878 F
575 3827 691 3881 afferens
711 3849 731 3895 φ
