3125 4617
325 503 370 567 40
603 500 632 555 L.
652 498 786 554 APVLEI
802 498 1062 554 MADAVRENSIS

219 611 237 650 1.
250 612 309 651 illa.
324 610 388 651 181).
1287 612 1331 653 led.
1345 612 1423 655 Ouo-l

326 671 422 746 pisces
445 669 555 729 habent
579 667 692 745 aliquid
715 670 863 727 occultum
882 668 958 742 aliis,
981 667 1033 727 sed
1050 668 1147 747 magis
1164 671 1341 747 cognitum?

326 760 382 817 hoc
405 760 431 819 si
454 758 511 818 scis
535 756 606 833 quid
629 758 682 831 sit,
709 775 815 834 magus
837 775 868 817 es
890 757 1037 832 prolect03
1062 757 1109 817 sin
1125 760 1246 835 1111111,
1274 780 1341 821 con·

327 848 439 907 fitearis
462 865 579 907 necesse
603 849 649 905 est
670 845 702 903 id
723 848 754 905 11
778 864 915 905 11111111
938 846 1017 923 quod
1035 847 1139 906 nescis.
1174 850 1240 907 tam
1257 851 1341 909 rudis

326 956 380 997 uos
404 956 466 997 esse
490 935 621 995 omnium
644 934 822 1008 litterarum,
848 935 979 993 omnium
1002 934 1128 1010 denique
1146 938 1232 1014 uulgi
1253 939 1341 998 fabu-

326 1027 436 1101 larum,
468 1027 503 1083 ut
531 1043 568 1083 ne
597 1023 708 1100 fingere
738 1023 858 1098 quidem
885 1024 1006 1100 possitis
1034 1025 1093 1084 ista
1115 1026 1341 1087 uerisimiliter?
1367 1050 1382 1089 s

328 1115 400 1191 quid
418 1113 497 1173 enim
516 1113 658 1188 competit
677 1112 714 1171 sd
733 1113 841 1171 amoris
861 1111 995 1172 ardorem
1014 1113 1231 1174 accendendum
1249 1116 1341 1192 piscis

325 1204 431 1262 brutus
456 1205 486 1261 11
507 1201 634 1279 frigidus
658 1204 710 1260 aut
734 1202 854 1260 omnino
881 1219 928 1260 res
956 1202 1063 1279 pelago
1094 1202 1251 1278 quaesita?
1282 1207 1341 1265 nisi
1355 1223 1410 1272 (451)

326 1293 404 1351 forte
426 1291 482 1350 boc
504 1308 558 1349 uos
582 1290 619 1349 ad
642 1289 829 1349 mendacium
851 1289 981 1364 induxit,
1005 1289 1083 1365 quod
1105 1291 1207 1351 Venus
1230 1294 1341 1353 dicitrir

327 1382 434 1457 pelago
466 1381 576 1439 exorta.
621 1379 692 1437 audi
721 1380 773 1454 sis,
804 1379 940 1437 Tannoni
961 1379 1095 1454 Pudens,
1124 1400 1215 1455 quam
1244 1384 1343 1444 multa
1355 1406 1383 1444 ro

326 1469 479 1543 nescieris,
512 1469 563 1543 qui
595 1467 631 1527 de
662 1467 793 1543 piscibus
822 1470 1029 1545 argumentum
1056 1469 1173 1546 magiae
1195 1472 1340 1544 repetisti.

328 1561 359 1617 at
381 1558 407 1617 si
430 1557 596 1635 Vergilium
618 1556 756 1635 legisses,
783 1558 915 1633 profecto
939 1557 1055 1631 scisses,
1087 1558 1146 1616 alia
1174 1562 1280 1634 quaeri
1303 1562 1342 1619 ad

325 1647 402 1705 hanc
423 1665 486 1705 rem
509 1647 612 1706 solere.
647 1647 698 1705 ille
722 1645 802 1705 enim
824 1647 970 1721 quantum
992 1647 1052 1705 scio
1075 1651 1230 1707 enumerat
1246 1650 1343 1709 uittas

326 1736 425 1795 mollis
448 1738 479 1795 et
500 1735 644 1797 uerbenas
666 1736 787 1813 pinguis
810 1738 841 1793 et
862 1737 931 1793 tura
953 1735 1085 1794 mascula
1107 1738 1139 1795 et
1155 1737 1227 1796 licia
1245 1738 1342 1797 disco-

328 1826 401 1899 lora,
424 1826 578 1902 praeterea
600 1825 718 1883 laurum
740 1824 892 1901 fragilem,
914 1822 1019 1882 limum
1041 1823 1219 1901 durabilem,
1242 1845 1342 1887 ceram
1357 1848 1382 1887 rs

326 1914 524 1992 liquandam
549 1916 603 1973 n'ee
629 1913 727 1971 miuus
751 1933 827 1988 quae
853 1913 915 1971 iam
940 1911 973 1971 in
995 1931 1084 1988 opere
1106 1913 1182 1973 serio
1205 1916 1342 1992 scripsit:

437 2039 563 2099 falcibus
587 2039 617 2099 et
639 2056 752 2097 messae
776 2037 814 2095 ad
835 2038 939 2095 lunam
962 2038 1144 2112 quaerimtur
1167 2040 1249 2098 aenis

437 2127 582 2202 pubentes
605 2125 712 2184 herbae
735 2126 815 2201 nigri
837 2145 905 2185 cum
927 2125 1003 2184 lacte
1026 2127 1142 2184 ueneni.

440 2216 592 2293 quaeritur
616 2215 645 2273 et
667 2214 815 2273 nascentis
839 2214 908 2289 equi
931 2213 966 2274 de
988 2215 1085 2273 fronte
1108 2216 1244 2275 reuulsus

366 2358 368 2367 ,
441 2307 472 2362 11
493 2303 584 2363 matri
606 2304 780 2378 praereptus
805 2305 896 2361 amor.
1356 2326 1381 2365 a>

328 2429 361 2484 at
382 2428 416 2483 tu
437 2426 564 2502 piscium
582 2426 770 2485 insimulator
788 2426 876 2503 longe
894 2426 1011 2486 diuersa
1028 2428 1226 2488 instrumenta
1242 2431 1341 2507 magis
1350 2444 1422 2493 naon

329 2514 483 2588 attribuis,
512 2533 571 2573 non
602 2514 749 2573 frontibus
780 2516 891 2577 teneris
928 2516 1119 2593 detergenda,
1155 2517 1207 2577 sed
1243 2519 1341 2579 dorsis

328 2602 532 2677 squalentibus
564 2603 737 2678 excidenda,
767 2623 822 2664 nec
852 2604 944 2667 fundo
973 2606 1155 2680 reuellenda,
1187 2605 1239 2665 sed
1271 2627 1339 2685 pro·
1355 2623 1407 2669 (eso)

264 2722 266 2731 =
328 2691 420 2751 fundo
444 2690 637 2766 extrahenda,
659 2706 712 2751 neo
734 2693 861 2753 falcibus
883 2693 1034 2768 metenda,
1061 2694 1112 2755 sed
1134 2693 1230 2753 hamis
1253 2696 1341 2755 inun-

330 2781 431 2839 eanda.
477 2782 625 2856 postremo
648 2782 680 2838 in
702 2781 848 2840 maleficio
871 2782 922 2840 ille
945 2801 1092 2842 uenenum
1120 2784 1268 2860 nominat,
1301 2788 1337 2843 tu
1353 2804 1377 2844 as

329 2870 530 2945 pulmentum,
559 2869 610 2929 ille
633 2868 738 2929 herbas
762 2872 793 2929 et
815 2871 964 2945 surculos,
991 2875 1026 2929 tu
1048 2890 1187 2947 squamas
1210 2875 1241 2931 11
1262 2892 1340 2947 ossa,
1420 2873 1421 2946 l

327 2957 380 3043 ille
403 2960 523 3034 pratum
543 2952 547 3035 1
568 2957 707 3033 decerpit,
729 2962 763 3016 tu
786 2958 909 3017 fluctum
926 2960 1076 3020 scrutaris.
1121 2980 1340 3037 memorassem,

402 3150 506 3199 12-15
525 3143 607 3214 Verg.
627 3144 685 3198 uel.
704 3144 900 3269 pxlpbcr-ea.

402 3221 506 3270 16-20
525 3215 607 3285 Verg.
626 3215 694 3269 Aen.

332 3276 334 3285 ,
790 3222 921 3276 re-s1e.

338 3360 341 3365 Ι
402 3293 436 3341 11
454 3286 546 3341 Plana.
566 3282 645 3373 capt.
666 3292 724 3342 182.

329 3465 580 3533 sslaliquitl*
664 3466 849 3533 trudisl'p
934 3465 1173 3520 tlitterarumli*
1263 3473 1341 3521 911

328 3553 386 3615 nou
405 3537 455 3609 [111
456 3537 576 3608 ,pudens
596 3556 617 3606 φ
637 3538 683 3605 (an
701 3538 733 3589 iu
750 3539 816 3606 rae.)
894 3541 928 3591 10
945 3536 1074 3605 repetisti
1094 3538 1189 3595 Rhode
1206 3538 1341 3607 recepisti

330 3660 379 3729 Fe
470 3667 502 3714 11
524 3662 555 3714 ab
577 3660 601 3715 si
619 3608 768 3730 ddrgilium
786 3658 808 3713 F
829 3660 971 3729 virgilium
990 3681 1012 3731 φ
1034 3662 1070 3728 cf.
1089 3679 1117 3730 p.
1138 3668 1179 3717 16.
1190 3668 1215 3729 3,
1234 3668 1288 3716 40⁷
1309 3662 1340 3717 0.

328 3748 357 3798 p.
386 3735 455 3783 luo
482 3730 529 3784 Kr.
639 3737 672 3785 13
700 3731 786 3783 thura
812 3750 835 3797 tp
942 3738 975 3785 15
1007 3731 1065 3785 iam
1089 3732 1146 3800 'Fe
1176 3733 1254 3787 idem
1285 3734 1340 3787 Kr.

329 3800 567 3925 pgnrpplpgsamff
655 3807 688 3854 11
713 3801 863 3855 attribuis
882 3801 903 3853 F
923 3804 926 3809 “
994 3808 1027 3857 22
1050 3802 1205 3856 excidenda
1224 3804 1274 3873 Fu
1294 3820 1342 3857 ex·
