3125 4617
323 509 386 571 170
595 507 624 562 L.
644 506 776 560 APVLEI
794 506 1054 561 MADAVRENSIS

214 619 229 658 f.
244 619 303 658 1881.
316 617 333 657 f.
347 618 394 658 lia.
1278 617 1322 656 Eu
1336 615 1403 656 opum

320 679 461 750 moueret,
484 677 577 735 imber
599 676 753 751 repentino
778 678 904 749 coortus,
926 677 972 733 ita
995 678 1029 733 ut
1050 675 1125 732 mihi
1148 675 1186 734 ad
1211 695 1264 735 uos
1284 696 1333 734 ue

320 767 366 825 nit
388 784 458 824 usus
481 766 662 841 nuperrime,
685 764 796 823 differri
815 764 956 823 auditorii
978 767 1095 822 coetum
1117 767 1148 823 et
1171 765 1334 824 auditionis

322 859 459 930 coeptum
482 855 591 930 coegit:
613 854 737 912 relicum
758 856 873 927 tamen,
895 854 987 912 uariis
1009 854 1247 929 postulantibus,
1271 855 1334 913 sine

214 961 230 998 r.
246 961 307 1000 raab.
321 944 538 1003 intermissione
555 938 566 1022 [Ι
583 942 737 1018 deincipiti
760 942 807 1000 die
829 942 1036 1017 perlectorum.
1072 942 1217 1017 postridie
1241 945 1335 1020 igitur

321 1034 449 1092 maximo
473 1031 570 1090 studio
588 1031 693 1108 ingens
711 1031 865 1090 hominum
882 1031 1050 1108 frequentia
1069 1049 1249 1090 conuenere:
1272 1051 1334 1091 sese
1357 1052 1369 1090 a

321 1124 445 1198 quisque
469 1119 660 1179 exaduersum
689 1139 778 1196 quam
804 1120 936 1195 proxime
965 1121 1103 1178 collocat:
1135 1139 1218 1180 serus
1247 1121 1333 1179 adue·
1346 1137 1382 1186 (a)

321 1214 404 1270 niens
437 1209 536 1268 amicis
569 1209 686 1282 adnuit,
722 1209 821 1267 locum
853 1210 946 1268 sessui
978 1210 1166 1283 impertiant:
1209 1210 1334 1269 extimus

322 1302 445 1376 quisque
478 1299 631 1357 excuneati
664 1301 841 1372 queruntur:
872 1298 950 1356 farto
982 1300 1047 1356 toto
1078 1298 1198 1357 theatro
1231 1299 1333 1376 ingens

322 1389 457 1464 stipatio:
480 1388 630 1462 occipiunt
651 1387 730 1445 inter
753 1405 783 1446 se
807 1388 903 1462 queri:
931 1386 983 1461 qui
1005 1405 1065 1445 non
1089 1387 1250 1446 adtherant
1269 1408 1333 1462 per-

322 1477 436 1537 contari
459 1479 527 1534 ante
551 1475 639 1549 dicta,
663 1476 713 1550 qui
737 1475 895 1534 adfuerant
915 1474 1064 1533 recordari
1087 1475 1201 1551 audita,
1225 1479 1369 1535 cuncti-rc
1413 1462 1415 1535 l

323 1586 378 1642 que
397 1567 458 1624 iam
476 1565 624 1641 prioribus
643 1565 743 1641 guaris
762 1565 916 1640 sequentia
934 1567 1096 1639 expectare.
1133 1566 1258 1623 interim
1274 1565 1333 1624 dies
1413 1582 1414 1643 ;

321 1657 373 1729 ire,
390 1672 486 1729 neque
498 1652 653 1712 Philemon
668 1653 705 1711 ad
720 1653 888 1712 condictum
901 1654 1016 1712 uenire:
1031 1653 1153 1728 quidam
1161 1655 1334 1713 tarditatem

321 1747 427 1820 poetae
445 1744 632 1817 murmurari,
650 1743 751 1818 plures
769 1741 933 1801 defendere.
970 1742 1021 1801 sed
1039 1742 1089 1800 ubi
1108 1742 1225 1802 diutius
1245 1763 1333 1818 aequo

323 1833 440 1893 sedetur
457 1851 511 1891 nec
524 1832 680 1890 Philemon
698 1833 815 1907 uspiam
838 1834 998 1906 comparet,
1020 1831 1104 1894 missi
1123 1851 1159 1890 ex
1170 1834 1334 1909 promptio-

322 1923 404 1981 ribus
428 1923 479 1997 qui
503 1924 640 1994 accirent,
664 1924 753 1995 atque
773 1940 841 1978 eum
858 1921 890 1977 in
909 1939 961 1979 suo
981 1921 1038 1979 sibi
1056 1920 1166 1979 lectulo
1185 1925 1335 1980 mortuum
1347 1940 1368 1979 a
1413 1992 1414 1995 Ἴ

323 2009 483 2070 offendunt.
520 2010 705 2069 commodum
723 2010 774 2068 ille
794 2010 893 2066 anima
912 2008 992 2067 edita
1006 2010 1187 2086 obriguerat,
1207 2011 1333 2069 iacebat·
1346 2027 1381 2074 [so

324 2119 380 2175 que
403 2101 573 2158 incumbens
596 2101 671 2173 toro,
694 2099 800 2157 similis
824 2099 981 2174 cogitanti:
1004 2098 1100 2156 adhuc
1121 2118 1231 2158 manus
1255 2100 1335 2158 uolu-

322 2189 396 2247 mini
418 2189 560 2264 implexa,
588 2188 683 2245 adhuc
710 2206 742 2246 os
770 2189 845 2245 lecto
872 2187 948 2245 libro
975 2189 1150 2263 impressus,
1178 2188 1232 2246 sed
1261 2189 1336 2248 enim

323 2281 384 2337 iam
416 2279 531 2336 animae
563 2295 687 2350 uacuus,
723 2275 794 2333 libri
830 2276 940 2334 oblitus
973 2279 1003 2334 et
1034 2275 1176 2334 auditorii
1210 2295 1334 2336 securus.

324 2370 431 2426 stetere
453 2367 605 2443 paulisper
628 2366 679 2440 qui
701 2365 893 2439 introierant,
920 2365 1050 2439 perculsi
1076 2368 1139 2423 tam
1163 2366 1368 2440 inopinataeac

322 2457 375 2528 rei,
398 2459 461 2514 tam
483 2457 648 2514 formonsae
670 2453 775 2512 mortis
798 2454 950 2511 miraculo.
987 2454 1055 2512 dein
1077 2454 1205 2530 regressi
1230 2455 1270 2512 ad
1286 2475 1335 2531 po·

323 2544 427 2619 pulum
445 2545 661 2616 renuntiauere,
679 2542 882 2600 Philemonem
899 2545 1028 2618 poetam,
1052 2544 1103 2618 qui
1123 2547 1335 2618 expectaretur,

325 2633 377 2706 qui
395 2633 428 2689 in
445 2632 562 2691 theatro
580 2632 682 2690 fictum
702 2634 909 2708 argumentum
926 2631 1033 2706 finiret,
1055 2633 1116 2689 iam
1135 2631 1217 2690 domi
1237 2653 1335 2691 ueram

323 2721 456 2778 fabulam
480 2739 710 2780 consummasse:
734 2720 883 2779 enimuero
906 2722 967 2777 iam
990 2720 1098 2779 dixisse
1121 2721 1210 2779 rebus
1235 2721 1334 2780 huma·

382 2966 410 3013 '2
430 2961 522 3033 cetum
540 2959 561 3011 F
581 2961 674 3011 cetum
692 2980 713 3027 φ
787 2965 803 3012 3
822 2962 935 3034 ceptum
953 2961 975 3012 F
994 2963 1107 3028 ceptum
1125 2981 1146 3029 φ
1163 2964 1167 3030 Ι
1183 2961 1334 3015 relicumF

324 3032 463 3100 reliquum
481 3051 502 3099 φ
521 3028 657 3082 relicuum
670 3031 723 3084 Kc.
741 3031 859 3103 lueriis]
878 3031 960 3084 uanis
984 3031 1036 3100 Frp
1109 3036 1125 3083 6
1144 3033 1334 3101 exaduersop

326 3109 340 3184 J
369 3102 465 3184 amicis
489 3101 593 3155 Wower
619 3101 724 3182 amicus
751 3102 801 3171 Pp
832 3103 836 3172 Ι
865 3102 946 3155 enuit
964 3102 1019 3184 <Pl
1049 3103 1214 3172 impertiant
1243 3105 1335 3158 Rotde

323 3172 833 3313 sctfflhtctff‘ttttt
861 3174 1335 3312 rtsjattrtttctf

324 3314 511 3382 confabulari,
534 3314 639 3384 garrire
658 3317 702 3369 ccl
720 3315 822 3384 nugari
913 3320 945 3368 10
965 3317 1114 3383 cunctique
1133 3317 1185 3370 Kr.
1216 3319 1334 3371 cunctis-

324 3402 378 3454 que
396 3386 447 3455 Frp
466 3386 574 3440 cunctis
585 3418 618 3425 -
630 3387 772 3454 expectari
782 3387 878 3440 Robde
924 3393 955 3440 11
968 3389 1115 3455 expectare
1133 3388 1155 3440 F
1211 3394 1247 3441 13
1264 3407 1333 3442 mur-

324 3457 469 3510 murariF
525 3461 557 3511 15
577 3457 700 3510 accirent
718 3457 834 3512 Stcwech
852 3457 1013 3526 acciperent
1026 3459 1075 3527 For
1090 3460 1125 3524 cf.
1140 3457 1333 3527 MetVIllal,
1413 3452 1414 3479 ³

323 3548 350 3598 p.
371 3532 457 3582 17:28
562 3533 595 3580 16
624 3531 709 3596 atque
737 3529 812 3598 eum]
837 3531 972 3595 „fortasse
996 3528 1038 3582 ei“
1063 3530 1116 3583 Kr.
1141 3530 1332 3598 comodump

326 3607 358 3654 18
377 3617 407 3654 os
425 3601 457 3653 ia
476 3620 496 3668 φ
517 3600 580 3653 add.
599 3607 669 3653 Μ
699 3601 703 3669 Ι
732 3598 806 3654 lecto
830 3599 901 3654 Colo.
927 3601 1003 3652 recto
1029 3601 1079 3669 Pp
1109 3603 1113 3669 Ι
1142 3600 1333 3670 impressual*
1413 3596 1414 3611 ¹

324 3689 392 3741 quac
415 3672 491 3725 tectio
513 3678 551 3725 cst
576 3671 722 3724 sanissima
744 3671 779 3734 cf.
800 3669 883 3738 Verg.
903 3669 971 3722 Aen.
991 3670 1030 3723 IV
1050 3676 1113 3724 690:
1143 3687 1173 3723 os
1199 3671 1333 3740 impressa

324 3747 384 3796 toro
404 3749 429 3796 ct
447 3741 506 3793 Met
523 3741 587 3792 VIII
607 3746 630 3806 6,
649 3759 675 3807 p.
698 3744 783 3791 170.c
802 3741 863 3792 toro
881 3740 984 3791 faciem
1002 3740 1150 3809 impressa3
1169 3742 1333 3810 impressum

324 3814 376 3866 Kr.
396 3829 456 3866 cum
475 3831 495 3879 φ
511 3812 618 3880 (ip‘ssu)
718 3814 752 3860 20
771 3809 936 3876 percussip
1036 3818 1068 3863 21
1098 3811 1220 3866 formose
1252 3814 1332 3867 mira.

323 3882 385 3934 culo
404 3880 544 3946 mortisp
617 3885 651 3930 24
671 3892 847 3930 consumasse
867 3898 887 3944 φ

436 4086 536 4258 ¹.

367 4064 433 4087 ’ἱ
