3125 4617
327 529 390 595 166
601 527 631 583 L.
651 526 783 580 APVLEI
801 525 1061 580 MADAVRENSIS

218 639 230 680 r
250 640 310 681 rara.
324 639 339 678 r.
355 638 402 679 res.
1285 633 1328 672 na
1342 628 1415 670 oum

327 699 406 771 aeui,
435 716 522 772 quom
546 696 718 772 Polycrates
744 694 867 753 Samum
894 692 1073 769 potiebatur.
1110 694 1161 752 sed
1185 693 1339 769 haudqua-

326 806 417 863 quam
438 785 632 862 philosophus
655 786 783 861 tyranno
813 784 937 842 dilectus
965 785 1018 841 est.
1064 783 1174 858 quippe
1202 801 1237 841 eo
1261 801 1338 841 com-

325 875 446 936 modum
469 874 616 934 dominari
639 892 705 932 orso
728 873 864 949 profugit
886 890 921 930 er
948 872 1046 930 insula
1068 871 1203 930 clanculo
1225 871 1338 947 Pytha-

327 982 429 1042 goras,
461 965 546 1039 patre
578 962 751 1021 Mnesarcho
783 980 879 1038 nuper
911 961 1033 1019 amisso:
1070 979 1157 1034 quem
1190 962 1339 1037 comperio
1352 975 1390 1022 cs:

327 1055 407 1112 inter
443 1052 609 1112 sellularios
651 1051 778 1109 artifices
816 1049 940 1127 gemmis
976 1048 1133 1108 faberrime
1170 1049 1340 1124 sculpendis
1365 1068 1376 1105 s

325 1141 444 1201 laudem
473 1141 569 1217 magis
600 1159 689 1215 quam
719 1159 805 1216 opem
835 1139 992 1213 quaesisse.
1042 1140 1113 1197 sunt
1144 1138 1197 1212 qui
1228 1137 1339 1213 Pytha-

326 1250 419 1308 goran
449 1230 532 1288 aiant
562 1247 596 1287 eo
625 1228 768 1302 temporis
799 1229 878 1287 inter
906 1228 1042 1304 captiuos
1066 1225 1231 1302 Cambysae
1253 1228 1339 1304 regis,

326 1320 498 1396 Aegyptum
521 1335 588 1374 cum
618 1316 825 1391 adueheretur‚
853 1315 987 1374 doctores
1015 1315 1153 1374 habuisse
1182 1314 1340 1375 Persarum

325 1426 429 1485 magos
454 1426 488 1466 ac
510 1405 668 1482 praecipue
693 1406 877 1479 Zoroastren,
900 1406 995 1463 omnis
1019 1404 1114 1462 diuini
1137 1407 1241 1463 arcani
1265 1405 1340 1463 anti—

327 1498 441 1571 stitem,
477 1497 639 1572 posteaque
671 1514 739 1554 eum
772 1514 790 1552 a
822 1493 951 1569 quodam
989 1491 1067 1551 Gillo
1102 1492 1340 1553 Crotoniensium
1353 1512 1377 1550 ro

324 1586 459 1662 principe
495 1584 701 1659 reciperatum.
757 1603 861 1642 uerum
898 1583 1048 1640 enimuero
1080 1581 1225 1641 celebrior
1261 1584 1340 1641 fama

325 1675 454 1751 optinet,
484 1675 588 1748 sponte
618 1693 685 1731 eum
715 1673 825 1749 petisse
849 1671 1016 1748 Aegyptias
1047 1669 1221 1747 disciplinas
1253 1675 1340 1746 atque

325 1763 367 1822 ibi
397 1782 416 1821 a
448 1762 648 1822 sacerdotibus
685 1761 914 1820 cerimoniarum
950 1759 1145 1818 incredundas
1180 1762 1340 1837 potentias,

325 1871 518 1911 numerorum
551 1850 739 1909 admirandas
772 1851 866 1923 uices,
903 1849 1082 1926 geometriae
1116 1848 1340 1908 sollertissimas

325 1942 468 2000 formulas
491 1934 680 2019 <didicisse>2
704 1957 757 1997 nec
779 1939 826 1997 his
850 1938 964 1996 artibus
988 1937 1080 1995 animi
1103 1937 1257 2012 expletum
1274 1958 1341 1996 mor
1354 1955 1377 1995 15

326 2028 489 2090 Chaldaeos
523 2030 611 2104 atque
644 2028 712 2087 inde
745 2027 945 2086 Brachmanos
970 2059 1012 2066 —
1035 2026 1067 2084 hi
1099 2027 1250 2102 sapientes
1283 2027 1341 2085 uiri

326 2120 408 2178 sunt:
431 2113 525 2195 (tito)
548 2118 650 2176 Indiae
673 2135 746 2194 gens
770 2120 815 2175 est
834 2149 875 2156 —
900 2135 1001 2175 eorum
1025 2134 1095 2192 ergo
1118 2115 1341 2174 Brachmanum

326 2206 584 2284 gymnosophistas
609 2206 713 2265 adisse.
753 2204 894 2264 Chaldaei
917 2204 1073 2264 sideralem
1097 2205 1264 2279 scientiam,
1286 2225 1339 2262 nu·
1353 2219 1392 2269 (sa)

326 2296 440 2354 minum
476 2295 654 2372 uagantium
691 2297 801 2369 status,
844 2294 972 2352 ambitus
1008 2296 1203 2369 utrorumque
1240 2295 1341 2352 uarios

326 2385 446 2443 effectus
478 2384 509 2442 in
542 2384 687 2461 genituris
719 2382 873 2441 hominurn
904 2381 1072 2457 ostendere,
1103 2401 1157 2441 nec
1189 2402 1251 2441 non
1282 2402 1340 2442 me·
1354 2403 1377 2440 ao

325 2472 414 2530 dendi
441 2473 571 2532 remedia
596 2473 705 2531 morbis
733 2472 870 2530 letalibus
899 2466 1034 2549 (lenuis)
1057 2471 1191 2530 lustratis
1219 2473 1340 2547 prouin-

326 2561 379 2618 ciis
402 2563 483 2619 terra
506 2562 645 2636 caeloque
669 2564 699 2620 et
721 2562 798 2618 mari
820 2561 995 2635 conquisita.
1036 2559 1218 2618 Brachmani
1241 2563 1343 2619 autem

399 2751 412 2797 1
432 2762 516 2812 quom
535 2748 674 2802 Kroaeab.
690 2762 745 2815 quo
760 2746 809 2816 Εφ
826 2749 830 2817 Ι
846 2746 1000 2800 Policrates
1014 2747 1063 2815 Fu
1080 2748 1084 2814 Ι
1102 2745 1185 2800 Samo
1204 2767 1227 2814 φ
1244 2750 1248 2816 l
1264 2746 1341 2799 haud

326 2831 528 2886 quamquamrp
566 2817 1340 2888 3Pittagorasq>lpatrenesarchoFo¹patrenauarcho

327 2889 365 2957 φ’
395 2886 557 2956 lamissorp
587 2887 799 2965 cfauern'mel'
832 2888 1341 2959 6PythagoranaianteoFPittagora

326 2975 692 3044 naianteooPythagoram
702 2977 766 3050 Kal
780 2966 870 3047 tpiso
926 2976 1125 3046 iCambiseo
1181 2977 1340 3048 Segiptum

328 3070 349 3119 φ
366 3051 370 3118 Ι
387 3048 526 3119 doctores]
541 3048 671 3102 ducturos
686 3048 707 3100 F
723 3048 853 3103 ductores
868 3070 889 3118 φ
945 3054 961 3100 9
980 3048 1130 3102 Zoroasten
1147 3047 1196 3116 For
1211 3049 1247 3115 cf.
1258 3049 1338 3118 Apol.

326 3138 353 3189 p.
371 3124 465 3187 110.1‚
484 3124 534 3173 cal
546 3117 586 3185 0..
602 3138 627 3189 p.
641 3125 726 3173 101.1
745 3122 748 3188 Ι
765 3121 862 3174 arcani
873 3122 925 3175 Kr.
941 3137 1003 3174 cum
1015 3119 1136 3174 Wowero
1151 3118 1280 3172 archanu
1290 3120 1339 3187 llo

328 3196 361 3244 10
381 3189 462 3260 Gyllo
482 3191 504 3243 F
519 3189 595 3260 Syllo
614 3191 709 3245 Rohde
727 3192 761 3258 cf.
776 3193 874 3246 Iambl.
894 3191 952 3245 vita
966 3190 1085 3260 Pythag.
1101 3196 1116 3255 ξ
1132 3194 1183 3243 150
1197 3208 1224 3259 p.
1238 3195 1298 3244 109.
1308 3196 1339 3243 14

273 3308 276 3316 .
328 3267 359 3314 11
380 3264 615 3333 recuperaturum
689 3268 721 3316 12
741 3263 852 3332 optinet
870 3263 919 3330 Fu>
938 3261 1048 3315 obtinet
1066 3261 1119 3315 Kr.
1145 3262 1150 3328 1
1175 3261 1339 3331 egiptiaso

329 3338 361 3385 13
380 3332 580 3404 incredulasp
667 3340 700 3387 14
725 3333 938 3401 almirandasqr
1025 3337 1058 3385 15
1078 3331 1256 3405 (didicisse)
1276 3333 1338 3387 odd.

327 3404 454 3458 Elmeob.
542 3410 575 3459 16
595 3402 731 3458 Chaldeos
750 3405 800 3474 Frp
830 3407 834 3473 1
863 3405 1033 3457 Bracmanos
1052 3403 1103 3472 Fu
1192 3408 1225 3457 17
1246 3403 1338 3476 (illa)

327 3475 427 3529 addidi
451 3485 454 3522 1
479 3477 665 3529 Bracmanum
683 3476 732 3545 For
807 3481 839 3528 18
864 3474 1121 3544 gimpnosophistas
1145 3495 1166 3543 φ
1192 3477 1196 3543 Ι
1223 3473 1339 3528 Chaldei

327 3546 376 3615 Frp
393 3550 397 3616 Ι
415 3545 572 3614 sydsralem
589 3547 611 3599 F
632 3550 636 3616 Ι
656 3547 802 3600 numinum
821 3547 883 3614 F¹rp
906 3545 1043 3598 luminum
1062 3544 1156 3598 F’Kr.
1231 3550 1264 3597 19
1285 3548 1340 3599 sta-

327 3619 373 3670 tus
392 3637 413 3685 φ
434 3618 522 3670 statos
540 3617 562 3670 F
582 3620 682 3684 status,
702 3617 825 3672 ambitus
843 3618 941 3686 scripsi
964 3618 1053 3670 statos
1077 3615 1200 3669 ambitus
1220 3616 1273 3671 Kr.
1294 3618 1341 3686 qui

324 3693 388 3753 post
406 3686 528 3740 ambitus
548 3689 676 3742 lacunam
694 3690 793 3743 statuit
900 3692 932 3740 21
957 3687 1062 3740 morbis
1085 3685 1219 3739 letalibus
1243 3690 1341 3756 scripsi

327 3755 493 3808 mortalibus
512 3759 573 3825 Fe,
592 3759 689 3811 deinde
709 3759 774 3812 libri
789 3760 921 3824 praebent
938 3756 1004 3810 latis
1022 3757 1159 3825 pecuniis,
1177 3759 1263 3812 uerba
1281 3776 1339 3812 sco·

328 3825 415 3903 teatio
422 3840 518 3942 Bgerasa.
555 3828 673 3881 tentorii:
693 3826 829 3898 (longis)
847 3827 975 3879 lustratis
992 3827 1146 3894 prouinciis
1202 3834 1235 3881 22
1255 3829 1340 3882 Brac-

326 3906 404 3942 mani
453 3913 474 3958 φ

318 4020 695 4264 γ.
