3125 4617
316 496 358 559 32
591 494 620 549 n.
639 492 1049 547 Aemnrunnnvannsis

209 607 225 647 ι.
239 604 376 647 ((1111.
1273 602 1411 644 udonem

315 667 345 723 et
375 661 535 722 amicorum
568 663 716 739 plerisque
746 680 832 737 opem
860 661 918 720 tuli
948 664 978 720 at
1006 661 1157 737 magistris
1187 662 1330 738 plurimis

315 753 443 830 gratiam
464 752 567 821 retuli,
596 750 779 826 quorundam
803 750 893 809 etiam
914 749 992 808 fflias
1015 750 1083 809 dote
1107 750 1185 807 auxi.
1230 771 1329 827 neque

315 843 393 901 enim
416 833 605 923 dubiltassem
628 839 764 914 equidem
781 839 830 897 uel
851 839 1022 898 uniuersum
1039 839 1255 913 patrimonium
1272 841 1330 899 im-

211 949 227 989 r.
242 949 303 990 roan.
316 930 452 1007 pendere,
470 933 505 989 ((1
523 930 703 1003 acquirerem
716 928 799 1001 milii,
818 928 895 1003 quod
912 923 923 1006 ΙΙ
940 929 1036 986 maius
1050 931 1103 1002 est,
1122 931 1330 1005 contemptum
1413 1001 1415 1004 Ι

313 1020 494 1097 patrimonii.
538 1020 573 1075 tu
595 1036 675 1092 uero,
697 1016 873 1091 Aemiliane,
901 1019 931 1075 et
952 1016 984 1073 id
1007 1035 1099 1093 genus
1121 1016 1257 1076 homines
1280 1009 1415 1082 utinensi

314 1114 348 1168 tu
371 1128 401 1167 es
423 1107 529 1166 inaulti
552 1107 582 1164 et
605 1108 744 1182 agrestes
766 1107 846 1164 tanti
866 1102 899 1164 're
921 1124 994 1164 nera
1013 1106 1083 1164 estis
1103 1108 1251 1180 quantum
1272 1107 1352 1168 hei-e

313 1198 399 1272 botin,
421 1197 456 1254 ut
479 1194 566 1253 arbor
587 1194 746 1253 infecunda
769 1198 799 1254 et
820 1195 933 1269 infelix,
956 1213 1032 1269 quae
1055 1195 1171 1252 nullum
1193 1196 1328 1255 fructum

315 1305 350 1344 ex
372 1303 434 1343 sese
456 1284 562 1361 gignit,
584 1284 663 1342 tanti
686 1286 730 1343 est
752 1285 784 1341 in
806 1284 912 1359 pretio,
940 1284 1046 1359 quanti
1068 1283 1183 1360 lignum
1208 1284 1273 1343 eius
1295 1286 1328 1343 in

313 1377 426 1433 tumeo.
472 1374 625 1431 attamen
646 1391 734 1448 pareo
760 1375 878 1448 postea,
907 1372 1087 1446 Aemiliane,
1116 1376 1329 1447 paupertatem

315 1463 440 1537 ouipiarn
466 1462 621 1535 obiectare,
644 1462 696 1537 qui
718 1481 812 1537 nuper
835 1480 927 1536 usque
951 1462 1081 1538 agellum
1105 1461 1327 1538 Zarathensem,
1341 1483 1365 1523 (ο

315 1570 401 1627 quem
422 1550 479 1610 tibi
502 1551 621 1608 unicum
643 1553 729 1627 pater
750 1553 821 1609 tuus
843 1552 1018 1625 reliquerat,
1045 1550 1125 1609 solus
1147 1569 1208 1609 uno
1231 1552 1327 1611 asello

314 1639 351 1697 ad
373 1640 584 1715 tempestiuum
605 1640 730 1698 imbrem
751 1639 851 1698 triduo
875 1638 1024 1697 exarabas.
1061 1640 1255 1713 nequeenim
1274 1640 1328 1698 din

314 1730 367 1803 est,
390 1748 457 1787 oum
478 1731 509 1787 te
533 1730 650 1788 crebrae
672 1731 782 1787 mortes
805 1729 1041 1805 propinquorum
1061 1728 1219 1786 immeritis
1242 1730 1327 1788 here·

314 1817 456 1876 ditatibus
479 1818 634 1892 fulserunt,
657 1817 734 1876 unde
756 1817 814 1876 tibi
835 1818 935 1894 potius
959 1836 1048 1892 quam
1071 1816 1108 1874 ob
1126 1818 1217 1875 istam
1235 1819 1327 1877 teter-

313 1908 419 1965 rimam
441 1907 547 1965 faeiem
572 1905 686 1966 Charon
709 1926 816 1965 nomen
840 1909 892 1965 est.
1340 1927 1364 1967 15

208 1996 307 2057 XXIV
379 1996 424 2054 De
454 1997 553 2072 patria
581 2016 648 2055 mea
677 2014 763 2070 uero,
794 1995 872 2070 quod
902 2013 967 2053 eam
996 1995 1085 2052 sitam
1111 1994 1273 2053 Numidiae
1295 1998 1390 2060 etuas)

315 2084 468 2143 Gaetuliae
490 2086 609 2161 inipso
633 2084 758 2143 confinio
776 2085 850 2143 meis
873 2084 992 2160 seriptis
1015 2083 1131 2142 ostendi
1154 2084 1237 2159 diois,
1261 2085 1325 2159 qui-

312 2174 367 2232 bus
390 2175 499 2231 memet
519 2174 668 2249 professus
687 2192 760 2247 sum,
785 2191 851 2230 eum
868 2172 1005 2231 Lolliano
1023 2171 1115 2230 Auito
1136 2169 1166 2230 0.
1185 2172 1222 2229 V.
1240 2192 1325 2248 praa·

314 2264 396 2320 sente
418 2261 535 2336 publice
559 2263 743 2336 dissererem,
768 2260 1000 2319 Seminumidam
1023 2264 1053 2320 et
1077 2260 1325 2337 Semigaetulum:

313 2368 373 2408 non
395 2349 491 2424 uideo,
514 2350 586 2425 quid
608 2351 681 2408 mihi
705 2352 744 2410 sit
766 2351 798 2408 in
822 2369 856 2408 ea
879 2370 910 2408 re
928 2349 1108 2424 pudendum,
1130 2348 1210 2407 haud
1228 2353 1325 2424 mepte
1339 2352 1363 2392 ²⁰

315 2458 403 2513 quam
427 2437 503 2513 Cyro
526 2440 640 2513 maiori,
664 2438 742 2514 quod
764 2458 871 2515 genere
893 2440 987 2497 mixto
1009 2439 1068 2498 fuit
1089 2438 1272 2498 Semimedus
1292 2458 1326 2497 ao

315 2526 488 2603 Semipersa.
542 2547 601 2585 non
633 2529 712 2587 enim
743 2528 795 2586 ubi
825 2530 1003 2605 prognatus,
1037 2526 1088 2586 sed
1125 2530 1159 2585 ut
1190 2530 1325 2586 moratus
1413 2587 1414 2590 ,

386 2719 402 2767 6
422 2713 455 2768 of.
474 2714 540 2768 Hor.
561 2714 618 2768 Sat
637 2715 650 2767 Ι
671 2720 692 2769 1.
705 2720 746 2769 62.

386 2897 399 2943 1
418 2890 559 2960 plerisque
582 2893 614 2945 a'u
636 2912 657 2960 φ
681 2892 712 2945 in
730 2910 781 2962 sap.
801 2893 864 2946 add.
885 2910 919 2947 m.
939 2892 1056 2961 antiqua
1133 2897 1148 2944 2
1172 2891 1257 2945 retuli
1275 2892 1325 2960 Fp
1413 2891 1414 2900 ’

314 2968 331 3016 4
350 2964 511 3031 contemptu
534 2982 555 3030 φ
665 2968 680 3015 7
703 2965 788 3018 uerba
811 2962 1059 3032 quae-8gignit
1081 2963 1150 3017 delet
1177 2963 1325 3029 Wowerua,

314 3050 410 3088 reuera
433 3035 564 3103 ploseema
581 3034 653 3087 olent
724 3034 844 3103 s'ptio
870 3035 891 3086 F
921 3037 925 3102 Ι
954 3033 1026 3103 ligni
1052 3034 1087 3085 ΕΙ
1110 3036 1189 3103 (corr
1212 3051 1247 3087 m.
1267 3040 1324 3088 aot.

360 3118 378 3191 νς

315 3150 386 3247 ligd)
404 3175 513 3245 lignum
531 3196 552 3244 φ
571 3176 708 3243 quantum
725 3174 840 3297 lignumJ
855 3176 1032 3247 Kronenberq
1127 3181 1160 3228 10
1179 3174 1326 3239 {anathen-

315 3317 374 3355 eem
392 3302 413 3353 F
433 3300 665 3368 sarathansemp
739 3305 771 3353 12
791 3250 868 3368 eodo
942 3306 975 3354 15
993 3316 1097 3354 numan
1115 3299 1164 3368 Fp
1238 3300 1303 3352 16
1291 3317 1323 3353 aa

725 3382 737 3412 Θ
782 3408 787 3417 .

574 3428 608 3456 4..
712 3418 810 3455 ornare,
1071 3407 1081 3446 1

315 3478 366 3543 mp.
387 3461 422 3515 de
441 3461 530 3515 natali
548 3464 621 3544 puta
672 3466 703 3513 17
722 3460 779 3514 mei
798 3458 947 3528 scriptieF
974 3476 1028 3528 meJ
1054 3459 1141 3528 septis
1156 3480 1177 3526 φ
1194 3462 1198 3528 1
1215 3458 1326 3513 ostendi

316 3532 369 3584 eois
388 3533 437 3600 Fp
461 3532 572 3587 ostendi
595 3531 665 3585 diois
689 3532 740 3586 Kr.
761 3530 910 3585 ostendisti
932 3532 1048 3585 Oasaub.
1140 3535 1173 3584 18
1193 3529 1271 3583 auito
1291 3526 1326 3584 ed
1413 3597 1414 3602 ἵ

314 3603 364 3671 Ρφ
455 3609 487 3656 19
515 3603 730 3673 semigaetulum
755 3624 776 3671 φ
803 3602 1018 3685 eemigaetulam
1035 3602 1115 3656 rKr.
1207 3606 1241 3653 20
1268 3601 1324 3653 riui.
1413 3625 1414 3636 ι

316 3672 381 3726 Ideo
401 3674 469 3756 quid
487 3674 558 3727 mihi
577 3675 613 3728 sit
631 3675 652 3726 F
671 3681 707 3728 no
726 3674 822 3745 u1,de0
824 3707 835 3745 J
854 3675 947 3744 (deo'
936 3691 967 3726 aa
984 3676 1050 3743 ros)
1069 3693 1091 3742 φ
1111 3671 1179 3740 quid
1198 3671 1269 3724 mihi
1288 3672 1326 3724 eit

316 3738 364 3811 φΙ
389 3745 480 3812 magis
508 3747 606 3815 scripsi
633 3747 666 3812 ef.
694 3764 721 3814 p
744 3750 840 3813 3917
868 3744 973 3799 4580
997 3749 1040 3798 39.
1049 3750 1064 3797 8
1080 3744 1136 3797 Kr.
1159 3741 1252 3795 minus
1275 3742 1325 3810 Fu

315 3870 348 3918 21
368 3862 431 3917 Oiro
449 3866 498 3934 llo>
571 3874 604 3920 22
623 3885 642 3919 u
644 3819 785 3921 ijmoratus
804 3889 825 3937 φ
