3125 4617
641 505 800 560 FLORIDA
1160 503 1224 569 157

153 617 263 658 Oudenoi.
1151 614 1168 654 l.
1182 613 1244 655 1861.
1257 613 1273 652 t
1287 613 1334 654 cca

145 695 193 744 (aa)
207 680 307 753 textu,
330 675 444 753 triplici
465 674 545 750 licio,
573 695 706 752 purpura
729 675 856 751 duplici:
891 676 955 751 ipsc
978 693 1045 734 eam
1066 675 1125 734 sibi
1146 676 1228 735 solus

208 768 295 827 domi
330 766 476 825 temerat.
525 764 655 824 habebat
690 763 802 823 cinctui
835 763 982 839 balteum,
1019 764 1098 841 qnod
1135 781 1228 842 genus

207 858 334 934 pictura
346 853 532 930 Babylonica
548 853 633 913 miris
652 853 800 913 coloribus
822 853 1024 931 uariegatum:
1046 872 1101 913 nec
1121 855 1157 911 in
1173 853 1229 912 hac

209 965 282 1005 eum
306 963 396 1021 opera
419 943 578 1019 quisquam
600 939 764 1002 adiuuaret.
810 942 939 1002 habebat
960 943 1085 1002 amictui
1102 943 1229 1019 pallium

187 1033 386 1108 scandidnm,
409 1031 488 1108 quod
511 1049 638 1108 superne
661 1031 895 1091 circumiecerat:
917 1029 949 1090 id
967 1050 1085 1107 qnoque
1102 1030 1230 1107 pallium

213 1124 381 1200 conspertor
402 1122 498 1198 ipsius
520 1120 653 1180 laborem
675 1121 774 1180 fnisse
815 1121 907 1180 etiam
928 1119 1038 1196 pedum
1055 1123 1230 1198 tegumenta

214 1211 353 1290 crepidas
390 1211 509 1270 sibimet
546 1213 748 1288 compegerat,
787 1211 879 1269 etiam
917 1210 1040 1268 annulum
1073 1212 1106 1269 in
1141 1210 1231 1268 laeua

157 1317 200 1367 (au)
214 1321 341 1362 aureum
362 1291 531 1381 faborilnmo
558 1299 712 1376 signaculo
738 1315 830 1374 quem
855 1298 1044 1358 ostendebatr
1075 1299 1139 1374 ipse
1166 1299 1230 1358 eius

215 1392 300 1450 anuli
331 1392 363 1448 et
394 1389 558 1448 orbiculum
590 1388 789 1447 circulauerat
819 1390 850 1446 et
885 1389 986 1465 palam
1022 1389 1169 1448 clauserat
1200 1389 1232 1446 et

178 1501 202 1540 1o
216 1499 367 1558 gemmam
387 1478 593 1554 insculpserat.
629 1477 761 1536 nondum
784 1478 884 1536 omnia
907 1479 970 1537 eius
993 1475 1231 1537 commemoraui.

217 1569 299 1630 enim
320 1587 381 1628 non
403 1567 519 1645 pigebit
540 1585 588 1625 me
611 1583 854 1640 commemorare,
880 1567 961 1642 qnod
986 1567 1073 1626 illum
1094 1585 1155 1626 non
1175 1585 1231 1641 pu·

219 1659 317 1718 ditum
348 1659 394 1716 est
426 1658 592 1730 ostentare,
628 1656 681 1732 qui
712 1675 821 1733 magno
851 1657 885 1714 in
916 1659 1003 1716 coetu
1038 1655 1232 1733 praedicauit,

217 1748 396 1807 fabricatum
419 1747 512 1805 semet
538 1744 596 1805 sibi
623 1745 788 1820 ampullam
815 1761 933 1821 qnoque
960 1745 1114 1819 oleariam,
1142 1762 1233 1820 quam

163 1855 205 1904 (sc)
219 1837 365 1915 gestabat,
387 1834 556 1894 lenticulari
579 1834 684 1909 forma,
710 1835 800 1894 tereti
823 1834 945 1909 ambitu,
972 1834 1107 1909 pressula
1127 1833 1232 1891 rutun-

182 1947 207 1987 15
219 1927 324 1999 ditate,
345 1926 487 1999 iuxtaque
510 1923 665 1982 honestam
687 1923 911 2000 strigileculam,
935 1925 1017 1982 recta
1038 1923 1232 2001 fastigatione

221 2008 399 2092 cylaulae†,
421 2013 497 2072 flexa
519 2011 706 2072 tubulatione
728 2013 853 2090 ligulae,
881 2013 916 2070 nt
942 2012 1062 2087 etipsa
1083 2012 1116 2070 in
1141 2030 1233 2070 manu

164 2123 208 2169 (ee)
221 2103 328 2180 capulo
344 2105 509 2162 moraretur
527 2104 559 2160 et
576 2100 664 2161 sudor
683 2120 718 2160 ex
736 2120 772 2161 ea
790 2101 888 2160 riuulo
906 2100 1063 2160 laberetur.
1095 2101 1163 2177 quis
1180 2119 1233 2158 au·

220 2197 281 2253 tem
295 2211 356 2252 non
371 2191 541 2250 laudauorit
553 2191 703 2249 hominem
718 2193 782 2250 tam
793 2207 950 2249 numerosa
962 2192 1026 2249 arte
1041 2190 1233 2263 multiscium,

221 2281 332 2360 totiugi
354 2281 478 2340 edentia
500 2279 704 2357 magnificum,
731 2281 779 2339 tot
801 2279 973 2340 utensilium
994 2278 1103 2355 peritia
1126 2278 1232 2338 daeda-

184 2369 304 2432 solum?
329 2371 402 2446 quin
425 2370 541 2445 etipse
564 2369 698 2445 Hippian
720 2368 820 2444 laudo,
842 2369 894 2428 sed
916 2369 1029 2446 ingenii
1052 2369 1116 2427 eius
1132 2368 1233 2426 fecun-

223 2459 348 2520 ditatem
370 2459 449 2518 malo
472 2457 624 2517 doctrinae
652 2477 742 2534 quam
770 2458 963 2534 supellectilis
989 2457 1167 2516 multiformi
1188 2457 1233 2514 in·

223 2549 387 2610 strumento
411 2547 567 2607 aemulari:
589 2547 744 2622 fateorque
766 2566 814 2605 me
832 2547 998 2606 sellularias
1017 2545 1137 2623 quidem
1154 2548 1234 2606 artes

222 2639 320 2698 minus
343 2630 467 2716 calleret,
490 2639 603 2696 uestem
625 2634 661 2694 de
684 2637 815 2694 textrina
838 2655 942 2712 emere,
969 2635 1078 2695 baxeas
1100 2637 1175 2694 istas
1198 2633 1234 2694 de
1247 2645 1263 2684 f·
1276 2644 1323 2686 ⁷⁵1³-

223 2729 339 2787 sutrina
356 2727 550 2802 praestinare,
569 2725 718 2784 enimuero
738 2725 862 2783 anulum
874 2744 929 2784 nec
942 2727 1068 2804 gestare,
1086 2744 1235 2803 gemmam

295 2921 310 2968 2
325 2913 413 2976 baton
426 2918 504 2985 (corr.
520 2929 554 2967 cc
566 2911 662 2982 bateo)
721 2917 737 2966 3
752 2911 919 2968 Babilcnica
974 2918 992 2966 4
1004 2913 1059 2967 hoc
1073 2928 1137 2966 enm
1151 2925 1235 2980 opere

226 2986 350 3043 octena
419 2989 435 3038 6
454 2984 608 3054 comperior
621 2982 710 3054 ipsius
731 2983 900 3040 Goldbocbcr
912 2985 948 3052 cf.
958 3002 985 3053 p.
1003 2989 1061 3039 lca.
1072 2991 1098 3051 4,
1109 2987 1150 3037 18.
1161 2981 1235 3036 tKr.

224 3055 347 3130 coptoris
370 3055 459 3126 ipsius
476 3055 526 3124 Pp
553 3055 669 3122 sonasse
692 3055 725 3109 io
746 3055 785 3110 ris
808 3057 894 3112 latent
914 3056 1048 3124 reliquiae
1068 3052 1237 3110 aromaca·

224 3131 257 3194 tn
273 3127 368 3182 -toriss
388 3127 524 3195 „oratoris
542 3128 674 3194 fortcsee‘
694 3126 747 3181 Kr.
763 3128 768 3196 Ι
784 3129 948 3196 tegumento
966 3127 1062 3182 Rotdc
1142 3128 1158 3178 7
1178 3138 1236 3178 cre·

224 3200 307 3270 pidas
325 3199 435 3254 anehalt
453 3199 505 3252 Kr.
531 3200 535 3266 1
561 3197 732 3266 competeret
749 3198 817 3268 Ful
835 3199 1015 3268 compegerat
1033 3195 1070 3265 φ’
1159 3199 1175 3248 8
1193 3193 1236 3246 ia-

225 3269 381 3343 berlrimol
394 3269 527 3340 ignaculo
546 3269 567 3322 F
584 3273 588 3333 Ι
604 3269 772 3328 ostendebat
785 3268 822 3323 F¹
840 3268 1003 3324 ostentabat
1015 3267 1079 3337 Ε”φ
1151 3271 1167 3319 9
1186 3281 1236 3336 pa·

225 3343 283 3397 lam
314 3343 398 3413 uulgo
430 3339 505 3411 palie
539 3340 592 3409 Fu
624 3339 727 3410 pyelen
752 3341 835 3409 Ομά.)
862 3340 978 3407 fortusse
1007 3340 1064 3405 fcit
1094 3336 1237 3409 pyclidem

227 3421 259 3468 12
278 3413 309 3466 in
359 3413 431 3467 tuF
522 3415 555 3464 13
580 3413 669 3465 semet
691 3409 746 3465 sibi
769 3412 791 3465 l'
823 3411 982 3480 sibimetp
1011 3413 1015 3481 Ι
1045 3407 1236 3480 ampollamF

229 3490 262 3538 u
278 3466 339 3555 prs'
354 3501 371 3538 a
389 3482 441 3554 1)(
466 3481 643 3536 manneae
661 3483 683 3535 s
757 3488 790 3536 lc
809 3483 992 3552 fastigatione
1010 3483 1033 3535 n
1051 3480 1182 3552 samace
1201 3480 1238 3550 φ)

227 3555 451 3626 fatigationem*
542 3558 576 3608 16
595 3552 705 3626 cylaula
724 3553 772 3623 l'p
792 3553 936 3607 clausulae
954 3555 1039 3626 cubo
1124 3557 1158 3607 18
1176 3551 1237 3605 lau-

228 3627 339 3683 danerit
357 3627 497 3682 Kroceob.
518 3625 649 3680 laudabit
672 3625 776 3681 Wocoer
802 3624 933 3680 laudauit
950 3625 1058 3695 FoKr.
1119 3628 1153 3677 to
1171 3623 1238 3678 dac·

229 3753 324 3806 eoum
340 3752 440 3821 sarpa
457 3711 597 3805 souitu
615 3747 774 3804 nocuum
788 3749 840 3805 in.
852 3751 908 3875 bec
924 3749 1050 3820 Hippian
1068 3749 1105 3802 n²
1133 3780 1135 3784 ν
1157 3753 1192 3802 aa
1203 3748 1238 3803 ec

228 3824 348 3896 tentriug
375 3838 450 3878 mere
472 3821 509 3876 ΡΙ
535 3823 570 3888 cf.
594 3837 622 3891 p.
648 3825 772 3888 1oc.1s,
799 3827 832 3875 32

878 3831 906 3888 .,'
924 3840 951 3892 p.
977 3826 1064 3877 10.14
1086 3819 1238 3892 Krffllor.)

229 3895 264 3950 de
281 3894 405 3950 textrina
424 3908 515 3949 emere
533 3892 592 3962 F'p
