3125 4617
644 510 827 567 APOLOGIA
1177 515 1240 582 125

144 649 147 658 .
164 619 281 660 Oudend.
1161 624 1177 666 1.
1193 625 1255 666 12511.
1267 624 1283 666 i.
1298 625 1346 667 ub.

222 680 301 756 quid
323 699 359 740 ox
382 680 573 756 sepelierit,
599 697 651 739 eur
680 681 793 740 feeerit.
838 682 965 741 formem
992 683 1055 742 eius
1083 684 1239 744 uoluerat?

221 770 353 847 negatis.
409 767 531 828 diuitias
572 769 678 828 saltem
716 769 928 847 concupierat?
972 775 1085 850 negant
1119 774 1239 834 tabulae

222 859 319 933 dotis,
349 861 461 936 negant
489 857 610 917 tabulae
640 857 825 934 donationis,
855 862 966 937 negant
997 860 1117 921 tabulae
1148 865 1240 922 testa·
1354 895 1359 905 ,

223 948 336 1022 menti,
358 949 391 1005 in
414 946 520 1023 quibus
543 966 603 1006 non
625 946 713 1006 modo
736 966 797 1006 uon
820 949 925 1024 cupide
949 951 1111 1026 appetisse,
1136 970 1240 1012 uerum

179 1056 192 1095 5
224 1037 320 1096 etiam
342 1036 415 1095 dure
437 1036 602 1112 reppulisse
625 1035 835 1096 liberalitatem
858 1056 929 1097 suae
948 1039 1047 1099 uxoris
1065 1040 1239 1100 ostenditur.

146 1141 209 1191 (eoo)
225 1144 305 1202 quae
337 1126 432 1203 igitur
464 1125 523 1183 clia
560 1142 649 1184 causa
681 1123 746 1184 est?
793 1125 865 1202 quid
901 1125 1122 1187 ommutuistis?
1168 1130 1242 1205 quid

224 1213 355 1274 tacetis?
400 1214 452 1272 ubi
475 1212 550 1272 illud
577 1213 672 1272 libelli
694 1215 789 1273 uestri
811 1217 897 1275 atrox
919 1217 1100 1293 principium
1122 1218 1240 1278 nomine

225 1303 362 1381 priuigni
384 1303 443 1362 mei
461 1301 642 1362 formatum?
666 1297 755 1362 ‘hunc
773 1323 838 1380 ego,
861 1304 978 1365 domine
996 1306 1134 1380 Maxime,
1156 1327 1240 1368 reum

226 1392 308 1469 apud
325 1395 357 1451 te
374 1392 472 1451 facere
485 1386 625 1451 institui?
653 1393 725 1466 quin
742 1393 838 1470 igitur
851 1393 936 1453 addis
946 1389 1042 1454 ‘reum
1054 1396 1242 1473 magistrum,
1256 1397 1325 1457 0111

185 1501 313 1541 sorsum
340 1480 495 1556 uitricum,
525 1499 610 1540 reum
637 1476 891 1556 deprecatorem'?
936 1483 988 1542 sed
1015 1484 1087 1560 quid
1115 1484 1240 1545 deinde?

228 1564 440 1647 ‘plurimorum
475 1569 688 1629 maleficiorum
719 1573 750 1628 et
786 1567 1115 1633 manifestissimorum’.
1170 1575 1240 1634 cedo

226 1679 322 1718 unum
344 1659 380 1718 de
402 1659 553 1736 plurimis,
583 1658 653 1717 cedo
675 1657 799 1717 dubium
821 1660 871 1719 uel
897 1661 1004 1720 seltem
1026 1663 1183 1744 obscumm
1205 1663 1241 1723 de

227 1748 488 1808 manifestissimis.
534 1750 664 1807 ceterum
687 1746 725 1806 ad
752 1748 825 1807 haec
847 1768 923 1825 quae
946 1750 1095 1811 obiecistis
1118 1771 1241 1811 numera

228 1856 268 1896 an
289 1837 368 1898 binis
389 1829 393 1918 Ι
413 1836 512 1896 uerbis
534 1835 736 1913 respondeam.
772 1831 886 1898 ‘dentes
905 1834 1099 1914 splendiccs':
1121 1841 1241 1918 ignosce

187 1945 213 1986 15
226 1925 393 1985 munditiis.
438 1920 572 2001 ‘specula
592 1919 727 2002 inspicis'
735 1946 743 1984 ε
768 1925 856 1985 debet
877 1927 1079 2005 philosophus.
1126 1923 1241 1989 ‘uersus

226 2009 328 2075 ieeis':
364 2015 435 2074 licet
466 2013 540 2073 fieri.
594 2009 700 2090 ‘pisces
735 2010 896 2092 explorae':
935 2016 1114 2077 Aristoteles
1148 2017 1241 2078 docet.

228 2098 357 2182 ‘lignum
380 2098 561 2164 consecras’:
588 2102 675 2163 Plato
703 2103 818 2164 suadet.
864 2100 997 2165 ‘uxorem
1024 2101 1133 2166 ducis':
1160 2107 1241 2185 leges

227 2193 340 2253 iubent.
388 2187 482 2270 ‘prior
504 2195 577 2251 natu
600 2193 656 2276 islo
679 2188 749 2253 est':
776 2194 853 2253 solet
879 2193 951 2254 fieri.
998 2189 1125 2256 ‘lucrum
1144 2199 1240 2256 ‘secta-

228 2286 276 2342 tus
308 2276 365 2343 es':
396 2281 503 2341 dotalis
531 2276 689 2360 <tubulas>
717 2282 831 2360 accipe,
861 2283 1051 2345 donationem
1079 2284 1241 2360 recordare,

190 2391 215 2430 so
228 2372 442 2430 testamentum
464 2371 538 2447 lege.
584 2372 708 2446 quaesi
739 2373 838 2430 omnia
866 2373 980 2431 affatim
1006 2373 1118 2447 retudi,
1145 2375 1171 2434 si
1195 2393 1241 2433 ca·

227 2461 357 2519 lumnias
388 2478 488 2519 omnes
521 2460 665 2535 refutaui,
697 2461 723 2519 si
753 2480 801 2519 me
832 2461 865 2519 in
897 2463 1033 2521 omnibus
1062 2482 1122 2522 non
1153 2463 1240 2524 modo

228 2549 411 2625 criminibus,
434 2567 539 2607 uerum
561 2548 652 2608 etiam
674 2549 840 2609 maledictis
862 2552 967 2626 procul
990 2571 1007 2610 a
1025 2553 1113 2629 eulpa
1132 2545 1241 2632 [philo-

148 2613 366 2717 .1l⁶4⁰1³1'2,sophiae]
390 2640 473 2697 tutus
506 2655 584 2712 sum,
614 2637 639 2696 si
662 2637 867 2714 philosophiae
898 2640 1052 2716 honorem,
1086 2641 1136 2718 qui
1158 2642 1233 2700 mihi

229 2728 326 2788 salute
349 2745 416 2786 mea
439 2726 591 2803 antiquior
617 2729 675 2800 est,
705 2746 852 2803 nusquam
881 2729 989 2805 minui,
1017 2730 1109 2789 immo
1139 2733 1242 2790 contra

191 2836 215 2877 rs
228 2817 340 2894 ubique
363 2817 389 2876 si
412 2833 479 2874 eum
497 2818 610 2892 sepiem
629 2816 733 2892 pennis
753 2835 821 2875 eum
843 2818 939 2877 tenui:
962 2818 989 2878 si
1010 2819 1091 2894 haec,
1114 2823 1149 2878 ut
1166 2819 1241 2896 dico,

301 3097 317 3146 5
336 3091 491 3161 reppulisse
509 3092 531 3145 F
549 3052 685 3161 repulisse
704 3113 725 3161 φ
744 3093 778 3160 cs.
798 3110 826 3162 p.
847 3099 905 3150 122.
917 3099 964 3162 26,
979 3098 1031 3149 598
1050 3094 1081 3149 O.
1096 3113 1124 3164 p.
1145 3100 1204 3149 124,
1216 3100 1241 3164 2,

229 3221 281 3271 eoo
297 3215 329 3271 0.
364 3218 369 3285 ι
401 3216 619 3271 possessuro
724 3217 858 3290 erponi]
877 3182 936 3288 lu
969 3221 974 3288 l
1008 3217 1241 3274 ommutuistiss

229 3292 245 3341 8
259 3288 473 3342 formormatum
485 3288 507 3341 F
563 3287 770 3356 14sp1endieas
788 3290 887 3358 scripsi
895 3290 929 3357 es.
941 3289 1008 3344 Met.
1018 3289 1045 3343 V
1054 3295 1079 3359 9,
1088 3307 1115 3360 p.
1132 3295 1241 3358 101.1s,

228 3358 281 3414 VII
300 3363 325 3413 8.
346 3363 431 3413 148.1
461 3356 623 3428 splendidos
650 3359 699 3429 For
726 3361 761 3427 cf.
791 3360 899 3414 florid.
930 3365 962 3414 15
990 3359 1021 3414 0.
1049 3378 1076 3430 p.
1101 3366 1171 3415 4.13
1193 3361 1240 3416 Kr.

230 3428 394 3500 splendidas
419 3430 497 3498 Lips.
524 3430 655 3497 „fortasse
680 3430 875 3500 splendificas“
895 3431 947 3486 Kr.
1039 3437 1072 3486 15
1094 3431 1241 3487 munditiis

229 3501 281 3571 l'p
356 3505 389 3554 18
407 3501 484 3570 prior
501 3504 571 3555 natu
588 3500 688 3575 is<ta>
707 3505 750 3557 est
772 3503 871 3571 scripsi
892 3517 954 3557 eam
970 3502 1050 3558 Htw.
1073 3503 1150 3572 prior
1171 3506 1242 3557 natu

230 3608 254 3662 is
274 3610 318 3663 est
335 3607 357 3660 F
376 3608 407 3661 ic
426 3628 447 3676 φ
467 3608 504 3663 ad
522 3608 546 3663 is
564 3609 596 3662 ic
613 3625 665 3681 my.
685 3610 853 3678 adscriptum
871 3616 920 3664 cstz
943 3608 979 3663 IS
997 3596 1083 3664 refert
1101 3609 1138 3664 ad
1156 3598 1243 3665 seiam

232 3679 262 3750 [s.
280 3678 463 3764 pullitillam3
482 3679 620 3748 posterior
637 3682 720 3734 natus
739 3695 768 3762 es
788 3680 841 3763 Kc.
915 3685 947 3734 19
968 3680 1071 3735 dotalis
1085 3680 1242 3766 (tabulas)

231 3751 504 3905 {fflissffiolalleffl
524 3756 638 3877 seeluaff'l)
649 3749 777 3878 Bam
803 3769 835 3805 m
852 3751 889 3877 {a
902 3768 987 3880 ctfftrus
997 3753 1243 3894 Ymelgntfrlittltffl

233 3910 293 3947 sum
312 3894 364 3948 Kr.
407 3898 440 3947 25
456 3911 480 3947 er
494 3910 557 3948 cum
572 3897 679 3963 septem
692 3909 792 3963 penms
806 3895 855 3964 Fp
869 3896 948 3951 colui
961 3897 1092 3952 librorum
1106 3896 1243 3952 immam
