3125 4617
385 447 448 512 192
564 369 575 408 ⁸
661 449 691 504 ls.
709 449 844 504 APVLMI
860 451 1120 508 troarnensis

383 703 605 766 adoommodem
627 707 675 764 nel
697 705 910 782 inaequalitate
933 727 1038 781 aspera
1061 713 1113 769 uel
1135 711 1257 770 lenitate
1281 711 1393 769 lubriee

382 616 508 676 extimae
532 633 599 676 orae
622 617 659 676 ad
681 637 813 694 unguem
839 625 1048 696 coaequatum,
1076 622 1127 682 aed
1152 623 1283 697 aridique
1312 529 1433 878 epidii]

383 794 431 852 uel
456 795 574 872 angulis
597 794 725 854 eminnla
747 795 795 852 uel
812 792 994 852 rotrmditate
1012 797 1171 874 uolubilia,
1194 801 1256 859 aine
1275 801 1393 878 regulae
1405 814 1419 863 (ι

383 884 563 944 correctione
586 885 616 942 et
637 901 790 942 mensurae
806 881 960 956 parilitate
979 884 1011 940 et
1026 888 1237 958 perpendiculi
1254 890 1433 949 sollertia

383 973 469 1032 nulla
498 972 575 1032 enirn
606 991 652 1031 ree
682 973 781 1047 potest
812 989 874 1030 ease
907 971 1009 1030 eadem
1039 973 1182 1031 festinate
1216 972 1425 1057 [emanet

384 1061 552 1121 examinata
570 1079 624 1118 nee
642 1063 687 1119 est
704 1060 862 1135 quiequam
880 1061 1021 1136 munium,
1040 1061 1116 1136 quod
1133 1062 1245 1123 habere
1260 1061 1428 1157 (possa)

385 1153 416 1210 et
438 1149 555 1210 laudem
577 1147 747 1225 diligentiae
771 1149 913 1210 simult
882 1153 913 1210 et
935 1150 1063 1227 gretiam
1085 1150 1255 1210 celeritatis.

276 1235 403 1329 (XXV)
452 1237 580 1298 Praebui
601 1257 647 1296 me
671 1238 857 1312 quorundam
878 1239 1042 1314 uoluntati,
1065 1240 1115 1314 qni
1137 1240 1246 1316 oppido
1269 1262 1433 1315 poema
1431 1287 1433 1343 4

384 1347 432 1386 me
455 1327 671 1401 desiderabant,
699 1329 734 1386 ut
761 1327 889 1386 dicerem
911 1348 947 1388 ex
969 1332 1108 1404 temporo
1153 1333 1183 1387 at
1202 1332 1250 1388 eat
1272 1331 1433 1390 hercule

383 1416 526 1489 formido,
554 1433 591 1472 ne
616 1415 648 1472 id
677 1415 751 1473 mihi
781 1418 928 1491 mouerit,
959 1417 1038 1492 quod
1063 1435 1151 1476 roruo
1177 1435 1230 1476 suo
1257 1421 1433 1478 euenisset

382 1505 517 1580 Aesopus
539 1503 705 1579 tabulatam,
728 1503 760 1562 id
782 1505 854 1578 erit,
880 1525 931 1580 ne,
954 1507 1026 1564 dum
1047 1505 1124 1564 hano
1145 1525 1253 1565 nouam
1273 1508 1403 1567 laudem

383 1597 488 1668 capto,
509 1612 636 1668 paruam
658 1593 757 1666 illam,
787 1613 876 1668 quam
900 1596 969 1653 ante
990 1595 1109 1670 peperi,
1137 1615 1225 1672 aeger
1249 1598 1401 1656 emittere.

383 1681 435 1742 aad
463 1682 500 1741 de
532 1682 658 1758 apologo
692 1683 847 1757 quaeritia3
879 1701 938 1741 non
969 1684 1086 1760 pigebit
1117 1684 1230 1759 aliquid
1258 1685 1400 1744 fabulari.

382 1789 489 1830 eamus
520 1773 550 1829 et
579 1772 685 1846 uulpes
714 1791 805 1829 unam
835 1772 956 1830 offulam
986 1773 1075 1830 simul
1105 1773 1245 1832 uiderant
1273 1793 1399 1851 eamque

383 1863 505 1936 raptum
530 1859 713 1919 festinabant
738 1860 807 1935 pari
833 1861 932 1920 studio
964 1861 1063 1936 inpari
1095 1863 1261 1937 eeleritate,
1292 1866 1433 1940 uulpesu

384 1967 486 2023 ernau,
518 1968 622 2009 ooruus
655 1949 766 2007 uolatu.
811 1947 906 2026 igitur
938 1950 998 2009 eles
1029 1951 1157 2010 bestiam
1183 1953 1344 2026 praeuenit
1372 1956 1433 2015 eeu

384 2037 513 2098 seeundo
543 2039 618 2097 flatu
648 2038 799 2114 propassis
831 2038 980 2113 utrimque
1011 2040 1117 2114 pennis
1149 2040 1336 2115 praelabitur
1371 2045 1400 2099 et

385 2127 531 2204 anticipat
553 2129 644 2202 atque
666 2127 710 2185 ite
727 2125 839 2202 praede
856 2126 945 2185 simul
964 2130 995 2186 et
1012 2127 1138 2187 uictoria
1155 2130 1253 2188 laetae
1271 2130 1401 2189 sublime

457 2331 620 2386 oVineent
639 2330 742 2384 Bellov.
763 2330 841 2399 Spee.
862 2332 948 2384 doctr.
969 2331 995 2385 V
1008 2337 1045 2386 ol
1062 2334 1093 2386 et
1110 2331 1188 2402 Spee.
1208 2331 1281 2388 Eiet.
1301 2333 1341 2386 IV
1358 2341 1382 2389 7

384 2523 419 2560 ex
446 2509 568 2577 optimas
594 2506 695 2562 orasP
721 2524 783 2562 oras
805 2516 868 2578 post
893 2509 942 2563 lae.
963 2509 1049 2563 διιεῖ
1069 2510 1159 2563 ozia
1179 2509 1209 2562 M
1231 2509 1336 2565 leuiter
1367 2529 1400 2566 ex

384 2578 500 2647 optimis
519 2581 575 2634 oris
594 2577 740 2634 GAMaL

457 2687 560 2740 luridi
562 2702 615 2754 que
634 2686 758 2754 Dieajob.
779 2687 880 2754 auique
898 2686 957 2741 edd.
1021 2684 1173 2739 alenitete
1193 2686 1253 2740 MP
1318 2695 1400 2742 διο·

384 2756 474 2810 tanda
493 2757 639 2810 MGAPL
717 2764 733 2811 5
753 2758 858 2830 [simul]
878 2759 978 2812 eradit
994 2757 1049 2811 Ma.
1068 2757 1167 2811 retinet
1186 2757 1236 2812 Go.
1312 2765 1328 2812 6
1348 2777 1401 2814 nee

386 2831 431 2882 eat
449 2827 579 2882 anua*
597 2830 656 2898 (aer.
676 2847 710 2883 m.
730 2830 905 2896 raspatio
922 2845 1012 2911 aecae
1030 2833 1064 2881 20
1083 2829 1146 2897 zia.)
1163 2831 1400 2884 neeeeeeeetLP

387 2901 436 2969 (ιίι.
456 2899 528 2953 Pa.
548 2900 684 2982 {debuit
702 2901 772 2970 esee)
762 2899 851 2972 )<an
873 2915 925 2953 uoa
949 2900 1005 2968 ipei
1022 2899 1136 2953 uidietie
1153 2899 1341 2973 unquam)q
1340 2903 1401 2956 uie·

386 2987 474 3039 quam
491 2970 604 3024 omnino
622 2971 749 3040 Imetjob.
780 2971 831 3042 lp
833 2970 904 3023 oeeit
920 2970 1037 3024 AM’P'
1059 2971 1181 3026 Venerat
1200 2971 1320 3026 Bellov.·
1313 2980 1401 3042 3poet

386 3041 491 3096 habere
516 3043 644 3096 lammam
669 3043 808 3112 signifieat
812 2988 876 3096 pfflo
967 3047 983 3096 8
1008 3041 1126 3110 praebui
1150 3057 1196 3094 me
1221 3015 1400 3124 quernirdam

387 3113 513 3169 atae·
501 3130 533 3167 aa
550 3113 588 3179 M
602 3130 657 3182 pro
674 3115 732 3168 alte
749 3119 825 3167 catat
841 3113 961 3180 apetiam
983 3114 1039 3180 fere
1057 3119 1091 3166 20
1111 3114 1161 3166 lta
1191 3115 1195 3184 l
1225 3113 1275 3180 qui
1293 3115 1400 3182 oppido

387 3201 473 3252 quam
490 3200 525 3237 ex
541 3199 586 3238 me
605 3184 806 3238 desiderabant
823 3183 950 3238 Robdiue
967 3183 1178 3267 (desiderabant
1194 3186 1278 3238 etlam
1295 3187 1399 3241 Korio-

389 3257 454 3325 lias)
474 3255 587 3324 oppido,
605 3271 678 3323 quae
697 3271 772 3308 ame
787 3255 1021 3309 desiderabantur
1036 3255 1085 3310 Ge.
1101 3272 1149 3324 pao
1145 3256 1223 3324 port
1236 3257 1396 3324 extempore

388 3329 516 3382 termam
547 3328 728 3398 waldrada,
758 3326 783 3379 A
809 3328 889 3381 babet
911 3344 964 3395 pro
991 3343 1025 3380 ex
1056 3328 1194 3395 tempore:
1228 3327 1397 3395 expetiuere

387 3397 732 3453 idamaerbamiaPm
753 3404 838 3453 aser.
857 3415 939 3467 saper
962 3399 1348 3480 extemporelatlmepob.
1368 3398 1396 3448 et

387 3470 447 3524 cdd.
540 3473 555 3522 9
574 3469 686 3524 hercole
711 3467 832 3523 formido
855 3486 890 3523 ne
913 3469 944 3522 id
961 3471 1087 3524 deermt
1075 3486 1108 3522 m
1124 3468 1163 3535 M,
1177 3485 1231 3537 pru
1249 3469 1305 3522 illie
1322 3474 1398 3522 aetat

386 3541 509 3664 {pappam
527 3542 639 3667 me
662 3541 743 3663 ΜΗ
786 3548 818 3594 11
846 3540 1060 3666 Mppemmlptue
1086 3555 1191 3665 bibam
1199 3538 1267 3677 ἐξ,
1285 3553 1399 3664 Ῑιιὶιιιὲΐιῖι

399 3627 501 3664 aum
656 3629 688 3666 aa
751 3628 926 3680 ,werae
1052 3627 1085 3679 ep
1146 3627 1173 3664 m
1243 3628 1257 3665 e
1392 3653 1397 3663 .

387 3686 421 3734 la
448 3683 582 3752 paruere]
607 3681 733 3737 MGP¹L
849 3686 882 3732 13
910 3681 970 3748 aed]
1000 3681 1024 3732 ei
1051 3680 1117 3734 AP‘
1152 3685 1156 3751 Ι
1189 3681 1271 3750 piget
1294 3696 1341 3734 me
1368 3681 1400 3734 M

387 3756 421 3804 14
440 3767 559 3819 eamque
577 3755 690 3822 raptum
708 3750 791 3805 simul
813 3749 988 3802 festinabant
1005 3749 1031 3800 A
1122 3757 1155 3804 15
1172 3751 1268 3820 uulpia
1288 3750 1399 3806 wal

383 3822 448 3874 item
467 3826 554 3875 laea
