3125 4617
601 1314 932 1397 PRAEFATIO.

324 1602 359 1662 In
399 1602 512 1667 edenda
550 1602 699 1679 Apologia
737 1620 809 1661 usus
848 1620 910 1661 sum
953 1607 1072 1679 praeter
1109 1605 1271 1664 editionem

258 1688 493 1771 Kruegeriauam
516 1692 683 1767 etreliqua
706 1691 851 1766 subsidia,
880 1710 955 1766 quae
982 1712 1051 1752 mox
1077 1694 1271 1753 recensebun-

258 1787 321 1858 tur,
349 1800 429 1847 noua
457 1781 615 1840 collatione
643 1780 787 1840 librorum
814 1780 1032 1840 Florentiorum
1055 1775 1152 1864 (Pp),
1181 1802 1271 1858 quam

257 1876 322 1951 ipse
346 1890 371 1929 a.
397 1871 481 1933 1897
507 1869 672 1928 Florentiae
700 1870 810 1947 degens
839 1870 1029 1929 confeceram.
1077 1871 1109 1929 Si
1137 1892 1210 1947 qua,
1237 1875 1272 1930 ut

257 1962 300 2036 fit,
323 1959 415 2021 dubia
438 1958 699 2033 subnascebantur,
721 1977 756 2017 ea
779 1958 870 2017 soluit
888 1959 1049 2034 discipulus
1067 1979 1160 2035 meus,
1184 1980 1270 2019 orna-

257 2050 390 2115 tissimus
413 2046 449 2107 Α.
467 2048 505 2105 Η.
524 2046 605 2122 Kan,
632 2066 699 2106 oum
725 2066 821 2123 nuper
843 2048 1009 2106 studiorum
1039 2066 1129 2107 causa
1158 2049 1271 2108 diutius

257 2142 289 2197 in
315 2138 407 2201 Italia
433 2139 607 2196 moraretur.
656 2137 760 2212 Neque
788 2138 906 2214 neglexi
933 2136 1169 2214 obseruationes,
1197 2157 1271 2213 quas

258 2227 290 2287 O.
305 2226 456 2295 Rossbach
473 2229 505 2285 in
519 2226 719 2285 Hebdomario
733 2226 917 2303 Philologico
932 2226 1117 2285 Berolinensi
1137 2247 1162 2286 a.
1184 2228 1269 2285 1897

257 2316 371 2393 publici
394 2316 465 2375 fecit
486 2317 568 2374 iuria.

324 2403 461 2479 Collatio,
485 2424 543 2479 qua
550 2396 575 2484 ¹)
593 2406 625 2462 in
644 2404 757 2462 edenda
774 2403 924 2481 Apologia
941 2422 1011 2463 usus
1031 2408 1075 2463 est
1093 2404 1272 2483 KruegeruS,

257 2512 430 2571 quanquam
455 2492 710 2551 Hildebrandiana
738 2494 834 2551 multo
864 2496 1042 2569 accuratior,
1071 2496 1103 2551 in
1133 2495 1271 2570 plurimis

256 2588 358 2649 tamen
372 2583 443 2642 locis
462 2600 550 2641 uerae
569 2582 702 2641 codicum
720 2584 883 2657 scripturae
901 2600 961 2641 non
979 2583 1146 2658 respondet.
1178 2583 1269 2641 Prae-

255 2676 340 2733 terea
362 2675 460 2730 textus
483 2690 551 2730 cum
568 2669 733 2748 Apologiae
756 2673 821 2729 tum
840 2670 1036 2747 Floridorum,
1059 2671 1096 2729 ab
1121 2674 1269 2747 antiquio-

256 2762 339 2820 ribus
359 2760 520 2819 editoribus
539 2762 569 2818 et
591 2759 803 2835 interpretibus
820 2760 927 2818 multis·
942 2763 1118 2819 coniecturis
1138 2763 1183 2820 est
1203 2778 1271 2820 con-

257 2868 389 2926 spersus,
426 2868 501 2925 quae
538 2849 689 2908 doctrinae
727 2848 846 2923 quidem
878 2851 908 2906 et
944 2851 1117 2926 sagacitatis
1149 2850 1270 2908 illorum

255 2942 390 2998 uirorum
405 2938 587 2997 eruditorum
599 2938 867 2996 luculentissimum
881 2937 1038 2996 exhibeant
1056 2940 1269 3012 testimonium,

255 3031 369 3105 partim
392 3046 461 3087 vero
484 3028 545 3085 sint
566 3028 701 3101 inutiles,
723 3027 836 3102 partim
858 3026 896 3084 ad
919 3026 1011 3085 uerba
1033 3029 1185 3102 scriptoris
1208 3046 1268 3085 non

255 3120 331 3177 satis
362 3134 461 3193 presse
494 3134 525 3174 se
558 3114 715 3191 applicent.
770 3115 852 3174 Haec
884 3117 985 3174 omnia
1017 3135 1085 3175 cum
1116 3114 1269 3192 Krnegero

255 3210 391 3283 repetere
422 3223 538 3264 necesse
570 3222 629 3263 non
660 3204 765 3278 habui,
801 3206 838 3262 iis
870 3206 989 3262 tantum
1020 3205 1155 3279 delectis,
1192 3223 1269 3279 quae

256 3296 391 3355 melioris
413 3297 503 3353 notae
527 3312 589 3353 esse
612 3294 792 3351 uiderentur.

325 3382 423 3443 Godex
436 3383 588 3442 Leidensis
606 3383 655 3441 uel
669 3382 882 3457 Doruillianus,
900 3382 936 3440 de
956 3402 1014 3457 quo
1032 3384 1063 3440 in
1082 3382 1269 3457 praefatione

253 3474 543 3549 Metamorphoseon,
566 3491 620 3531 nec
642 3471 915 3549 nonanemosyne
941 3472 1035 3546 1896,
1057 3491 1086 3546 p.
1108 3473 1190 3545 2,10
1205 3489 1270 3546 sqq.

253 3562 393 3639 pluribus
423 3562 590 3637 disputaui,
620 3560 740 3619 Florida
769 3579 829 3618 non
859 3562 991 3619 continet
1018 3578 1113 3635 neque
1137 3562 1168 3618 in
1191 3559 1272 3636 Apo-

335 3750 354 3819 ¹)
373 3749 416 3803 De
434 3748 543 3803 incuria
562 3764 618 3816 qua
636 3747 692 3802 Jos.
712 3746 844 3813 Mueller,
868 3746 917 3814 qui
941 3746 971 3799 in
993 3748 1117 3817 gratiam
1134 3747 1272 3818 Kruegeri

254 3822 363 3875 librum
378 3820 572 3875 Florentinum
592 3818 719 3886 contulit,
738 3834 853 3872 munere
872 3834 921 3871 suo
940 3817 1054 3872 functus
1073 3822 1125 3888 est,
1144 3835 1271 3873 seuerum

254 3892 399 3946 iudicium
416 3890 485 3946 tulit
503 3891 582 3945 l'red.
602 3890 703 3959 Beyte:
723 3888 906 3954 Quaestiones
925 3888 1119 3959 Appuleianae
1138 3908 1164 3959 p.
1185 3895 1228 3944 27.

1100 3980 1113 4007 ξ

1077 3994 1094 4030 a
