3125 4617
319 462 360 526 88
593 462 621 514 L.
641 461 772 514 APVLEI
791 461 1049 517 MADAVRENSIS
1076 501 1080 536 7

211 571 227 612 l.
241 573 300 612 119a.
315 570 329 609 l.
346 571 393 610 18⁸.
1271 571 1312 610 Ed.
1324 570 1353 610 On

317 629 429 704 crepito
456 626 533 703 seni,
565 631 684 705 sponte.
702 649 767 688 eam
799 629 909 690 diceres
942 630 1005 688 sine
1036 629 1100 688 ulla
1131 632 1235 707 magia
1267 632 1323 689 iam

317 717 388 776 olim
410 716 590 778 nubturisae:
624 718 763 793 quoniam
792 719 932 778 iuuenem
958 718 1050 778 talem
1077 718 1199 793 qualem
1228 718 1367 782 dicitius-⁸1

318 806 416 884 elegit,
440 809 573 867 coactam
595 808 699 866 fecisse
722 807 775 882 ais,
799 809 930 865 ceterum
952 824 1068 882 semper
1085 806 1206 866 nubtias
1226 825 1322 883 asper-

316 897 425 954 natam.
471 895 605 970 nescisti,
627 895 774 970 improbe,
798 895 957 970 epistulam
974 898 1058 953 tuam
1081 895 1118 954 de
1139 895 1200 954 ista
1226 915 1261 954 re
1283 900 1322 954 te-

316 985 389 1058 neri,
412 984 540 1058 nescisti,
563 986 593 1042 te
616 985 730 1042 tuomet
752 984 923 1044 testimonio
948 984 1118 1042 conuictum
1138 983 1186 1041 iri.
1233 1004 1354 1060 quana

315 1075 417 1134 tamen
447 1073 604 1148 epistolam
626 1071 798 1130 Pudentilla
827 1073 934 1130 testem
964 1075 994 1130 et
1022 1071 1150 1133 indicem
1179 1075 1252 1132 tuae
1275 1092 1323 1131 uo-

316 1162 455 1236 luntatis,
478 1163 512 1218 ut
535 1179 610 1235 quae
634 1162 664 1218 te
687 1161 783 1220 leuem
807 1163 836 1220 et
858 1159 1033 1219 mutabilem
1050 1179 1104 1219 nec
1126 1163 1228 1225 minus
1245 1181 1322 1220 men·
1392 1138 1394 1217 l

318 1250 419 1308 dacem
438 1251 468 1308 et
486 1249 678 1324 inpudentem
697 1249 794 1324 sciret,
816 1249 923 1308 malint
940 1250 1067 1308 retinere
1086 1267 1178 1324 quam
1195 1250 1321 1309 mittere.

318 1340 449 1396 ceterum
480 1337 546 1412 ipsa
576 1337 614 1395 de
645 1355 680 1395 ea
711 1357 742 1395 re
774 1337 922 1397 Pontiano
955 1355 1008 1397 suo
1039 1338 1166 1402 Romam
1198 1339 1322 1413 scripsit,

318 1427 409 1484 etiam
431 1443 534 1484 causas
558 1425 674 1485 consilii
697 1427 742 1484 sui
763 1426 851 1501 plene
869 1426 1022 1503 allegauit.
1058 1425 1133 1486 dixit
1152 1426 1207 1486 illa
1226 1427 1322 1486 omnia
1334 1448 1354 1486 n

316 1515 352 1572 de
375 1514 559 1574 ualetudine:
586 1514 661 1572 nihil
688 1518 843 1589 praeterea
870 1532 946 1589 esse,
973 1534 1027 1572 cur
1054 1514 1183 1590 amplius
1205 1515 1322 1574 deberet

317 1602 469 1677 obdurare,
488 1602 683 1662 hereditatem
697 1603 812 1662 auitam
825 1603 915 1680 longa
928 1603 982 1660 uid
1005 1604 1077 1663 'tate
1096 1621 1166 1662 cnm
1184 1603 1321 1680 despectu

317 1691 421 1750 salutis
445 1709 515 1750 suae
538 1691 702 1767 quaesisse,
732 1692 856 1752 eandem
883 1710 998 1751 summa
1025 1691 1171 1750 industria
1195 1694 1321 1753 auxisse:

316 1780 376 1838 ism
399 1779 486 1838 deum
506 1780 661 1839 uoluntate
679 1782 777 1855 ipsum
795 1782 889 1854 uxori,
910 1781 1035 1840 fratrem
1053 1781 1116 1841 eiua
1134 1780 1217 1840 uirili
1236 1784 1322 1858 togae
1400 1790 1402 1855 t

316 1868 436 1928 idoneos
460 1887 534 1927 esse:
557 1869 678 1927 tandem
697 1869 858 1944 aliquando
876 1886 908 1927 sa
928 1887 1045 1944 quoque
1063 1871 1238 1943 paterentur
1256 1870 1353 1930 soli-1⁵
1401 1870 1403 1931 l

315 1958 413 2016 tudini
437 1976 506 2016 suae
530 1960 560 2016 et
583 1957 762 2034 aegritudini
787 1957 957 2016 subuenire:
987 1960 1116 2017 cetemm
1145 1957 1182 2015 de
1212 1959 1320 2033 pietate
1402 1952 1404 1993 l

316 2065 370 2106 sua
393 2049 423 2105 et
445 2065 581 2122 supremo
604 2045 713 2106 iudicio
736 2046 812 2104 nibil
834 2047 1011 2104 metuerent:
1034 2046 1138 2120 'qualis
1168 2045 1262 2105 uidua
1283 2048 1320 2104 eis
1403 2042 1404 2047 ’

316 2137 415 2210 fuerit,
438 2136 528 2194 talem
551 2137 676 2210 nuptam
698 2135 839 2194 futuram.
883 2134 1002 2192 recitari
1028 2133 1145 2192 iubebo·
1158 2135 1321 2210 exemplum

322 2224 466 2300 epistolae
487 2223 574 2282 huius
597 2223 635 2281 ad
656 2222 751 2282 filium
772 2224 888 2282 missae.

211 2312 308 2373 cxxi
382 2312 462 2371 saus
484 2314 557 2386 puto
580 2330 615 2369 ex
636 2311 702 2370 aas
725 2330 812 2386 posse
839 2311 933 2370 curus
963 2312 1090 2386 aquare,
1118 2310 1352 2372 aunonenses
1406 2296 1407 2313 ¹

316 2420 375 2460 non
397 2401 471 2459 meis
501 2399 678 2460 carminibus
708 2400 744 2458 ab
775 2400 925 2459 obstinata
955 2399 1102 2459 uiduitate
1130 2401 1321 2475 compulsam,

317 2488 368 2547 sed
391 2488 462 2547 olim
485 2507 538 2547 sua
562 2491 666 2564 sponte
689 2507 706 2546 a
729 2488 865 2548 nubendo
888 2508 948 2549 non
966 2488 1095 2547 alienam
1121 2506 1168 2548 me
1196 2489 1321 2548 fortasse

316 2595 387 2652 prae
411 2578 515 2636 ceteris
544 2577 692 2638 maluisse.
739 2596 815 2652 quae
845 2577 949 2637 electio
979 2580 1042 2636 tam
1071 2578 1172 2654 grauis
1194 2577 1377 2640 feminaeoot

317 2684 370 2723 cur
391 2665 465 2722 mihi
488 2666 603 2724 crimini
625 2666 724 2741 potius
749 2685 839 2741 quam
861 2666 965 2725 honori
988 2665 1084 2724 danda
1113 2665 1168 2740 sit,
1198 2683 1259 2723 non
1279 2684 1321 2724 rc

211 2771 227 2812 r.
241 2771 302 2811 nou
317 2754 415 2829 perio:
438 2753 495 2812 nisi
518 2757 618 2812 tamen
641 2755 740 2828 miror,
757 2748 768 2833 ll
787 2755 866 2830 quod
888 2754 1072 2813 Aemilianus
1096 2757 1126 2813 et
1147 2753 1272 2813 Rufinus
1293 2753 1322 2811 id
1334 2772 1355 2812 rs

316 2842 458 2902 iudicium
480 2842 612 2902 mulieris
635 2861 722 2920 aegre
744 2844 857 2918 ferant,
884 2862 952 2902 cum
974 2843 1019 2918 hi,
1047 2843 1099 2918 qui
1122 2841 1322 2900 Pudentillam

317 2932 347 2990 in
377 2931 599 2990 matrimonium
628 2933 814 3007 petiuenmt,
845 2951 939 3007 aequo
969 2932 1067 2991 animo
1097 2930 1255 3004 patiantur
1276 2949 1321 2988 me

317 3019 373 3080 sibi
399 3020 575 3096 praelatum.
622 3020 700 3096 quod
728 3020 848 3095 quidem
877 3021 930 3079 ills
959 3025 993 3079 ut
1021 3021 1146 3094 faceret,
1177 3019 1239 3078 filio
1269 3038 1321 3079 sao

316 3111 416 3185 potius
448 3128 539 3185 quam
571 3111 668 3168 animo
701 3109 840 3168 obsecuta
878 3113 930 3168 est.
980 3113 1011 3167 et
1044 3109 1088 3166 ita
1123 3099 1237 3166 factdm
1269 3126 1321 3168 nec

389 3321 404 3368 2
423 3309 581 3370 nubturiss'e
595 3314 644 3384 Pu
710 3319 725 3368 3
741 3315 870 3368 coactam
883 3313 934 3368 Kr.
951 3317 1078 3367 coactum
1088 3313 1135 3383 Pu
1151 3317 1156 3382 Ι
1172 3313 1288 3368 nubtias
1302 3313 1322 3366 l*

317 3438 466 3508 nuptura
521 3400 622 3508 repat
641 3439 689 3507 aa
745 3437 953 3506 capitulana
1008 3407 1149 3543 secaret<
1169 3436 1190 3489 a
1209 3437 1323 3506 scaea

318 3621 333 3668 8
352 3575 514 3670 unitandae
533 3616 554 3669 P
573 3615 730 3670 ualitudine
749 3635 770 3684 φ
789 3616 824 3682 cf.
844 3620 885 3696 26.
897 3620 930 3667 22
1004 3619 1036 3668 15
1054 3562 1222 3683 tffiidnnlie
1239 3617 1243 3682 Ι
1260 3613 1324 3696 soli-

317 3687 424 3750 tudinis
443 3687 464 3739 F
484 3687 642 3740 solitudinis
662 3707 682 3756 φ
762 3691 793 3738 19
813 3685 989 3754 epmtolael'
1013 3688 1077 3753 epte
1096 3705 1117 3754 φ
1190 3689 1223 3738 20
1242 3685 1324 3740 histis

318 3757 339 3809 F
411 3762 444 3808 22
464 3757 585 3811 alienam
608 3771 692 3823 quam
710 3772 754 3809 me
772 3756 821 3822 Po
903 3754 1036 3823 achiis
1117 3755 1324 3826 ittetffital'

319 3829 357 3896 (et
375 3842 489 3891 erasum,
507 3827 517 3878 i
536 3829 568 3879 ia
584 3827 649 3893 ras.)
668 3826 709 3878 ita
728 3825 779 3877 Kr.
