3125 4617
677 460 836 518 roonffle
1202 464 1264 528 181

144 571 166 612 u
188 569 304 612 onnam
1188 572 1278 613 arsa.
1292 573 1309 612 r.
1324 574 1372 614 aas.

248 631 356 706 lingue
388 630 450 688 iam
481 628 588 692 uestris
621 628 741 688 auribus
777 633 847 692 aute
879 650 1057 707 proxumum
1094 633 1265 690 sexennium

248 719 343 795 probe
366 719 500 794 cognita:
531 719 602 793 quin
632 720 662 778 et
690 719 761 777 libri
789 721 849 779 mei
874 739 935 780 non
961 721 1024 780 alia
1045 721 1154 795 ubique
1177 722 1265 780 laude

249 808 349 870 carius
374 809 538 881 censentur,
560 825 651 882 quam
674 807 751 882 quod
775 807 885 868 iudicio
908 811 1009 870 uestro
1026 810 1265 884 comprobantur.

249 898 325 958 hseo
345 898 436 956 teuta
458 914 492 956 ac
518 897 637 973 totiuga
664 897 863 956 inuitamenta
885 899 1053 957 communia
1079 917 1139 956 non
1166 900 1265 958 minus

220 1005 305 1046 auos
335 985 373 1044 ad
405 983 585 1046 audiendum
615 986 796 1061 prolectant,
828 1006 918 1062 quam
949 1007 996 1046 me
1029 987 1068 1045 ad
1100 974 1265 1046 audendum

249 1073 419 1148 retardant,
445 1073 620 1148 faciliusque
648 1073 750 1135 laudes
779 1078 895 1136 ucenae
919 1076 993 1134 alibi
1019 1077 1153 1154 gentium
1174 1096 1265 1151 quam

251 1163 332 1239 apud
355 1181 408 1224 uos
431 1162 641 1238 praedicarim:
663 1164 708 1222 ita
732 1164 811 1240 apud
833 1183 903 1224 suos
927 1167 1032 1240 cuique
1049 1165 1197 1224 modestia
1214 1166 1264 1224 ob·

186 1253 422 1326 (obnoxiaest,
451 1251 531 1326 apud
561 1253 704 1312 extrarios
735 1256 835 1314 antem
864 1254 975 1313 ueritas
1003 1255 1105 1313 libera
1150 1273 1266 1329 semper

252 1342 371 1402 adeost
391 1340 502 1416 ubique
520 1359 573 1400 uos
593 1342 703 1416 quippe
721 1344 756 1402 ut
773 1344 909 1418 parentis
927 1361 962 1402 ac
980 1344 1092 1419 primos
1105 1344 1265 1420 magistros

206 1449 333 1494 romeos
352 1429 466 1492 celebro
486 1430 707 1505 mercedemque
726 1431 812 1492 uobis
829 1432 967 1508 rependo,
984 1451 1046 1492 non
1063 1432 1157 1506 illem,
1176 1450 1265 1506 quarn

251 1519 432 1596 Protagoras
456 1518 590 1594 sophista
612 1520 728 1596 pepigit
750 1539 804 1580 nec
826 1522 950 1596 accepit,
971 1521 1025 1580 sed
1048 1540 1138 1596 quam
1156 1520 1265 1579 Thales

251 1610 370 1685 sapiens
402 1627 456 1668 nec
486 1608 603 1684 pepigit
635 1611 665 1666 st
692 1610 812 1684 accepit.
857 1609 960 1684 indeo,
992 1610 1063 1685 quid
1092 1610 1263 1686 postuletis:

251 1702 409 1774 utramque
432 1697 567 1758 narrabo.

144 1806 240 1857 ..sons
316 1787 510 1864 Protagorae,
533 1788 585 1862 qui
607 1788 741 1864 sophista
763 1789 823 1846 fuit
845 1789 933 1866 longe
955 1787 1122 1847 multiscius
1145 1789 1175 1846 et
1197 1805 1264 1845 cnm

206 1878 354 1956 reprimis
378 1876 541 1936 rhetoricae
560 1877 760 1951 repertoribus
778 1877 986 1953 perfacundus,
1008 1877 1171 1936 Democriti
1188 1875 1263 1951 phy·

250 1967 304 2026 sici
323 1967 397 2026 cinis
417 1983 584 2040 aequaeuus
599 1997 641 2006 -
656 1966 724 2024 inde
744 1967 771 2024 ei
789 1966 981 2042 suppeditata
999 1965 1135 2025 doctrina
1153 1967 1198 2024 est
1211 1985 1265 2022 -ε

250 2077 317 2116 eum
350 2055 535 2132 Protagoran
568 2055 652 2112 aiunt
684 2074 750 2113 cum
782 2075 835 2114 suo
868 2054 925 2114 sibi
956 2055 1101 2130 discipulo
1133 2054 1263 2113 Euathlo

248 2144 413 2204 mercedem
436 2143 524 2202 nimis
546 2143 666 2202 uberem
693 2143 864 2203 condicione
890 2145 1048 2203 temeraria
1069 2138 1081 2221 ΙΙ
1101 2143 1260 2220 pepigisse,
1274 2158 1289 2197 f.
1304 2160 1369 2200 recu.

249 2235 295 2292 uti
318 2233 376 2292 sibi
397 2236 463 2292 tum
485 2232 603 2291 demum
630 2231 662 2290 id
691 2234 807 2310 argenti
831 2233 928 2308 daret,
958 2234 982 2292 si
1005 2233 1102 2308 primo
1124 2233 1264 2291 tirocinio

189 2339 236 2390 (aa)
251 2323 362 2400 agendi
383 2339 473 2398 penes
501 2321 612 2380 iudices
638 2321 767 2381 uicisset.
813 2323 907 2399 igitur
929 2322 1077 2380 Euathlus
1103 2323 1264 2396 postquam

208 2414 357 2472 s1cuncta
374 2411 429 2470 illa
448 2410 606 2470 exorabula
624 2409 822 2470 iudicantium
839 2414 869 2470 et
886 2411 1023 2486 decipula
1042 2409 1263 2469 aduersantium

250 2504 281 2560 et
304 2499 430 2560 artificia
452 2499 615 2558 dicentium
641 2502 778 2559 uersutus
807 2501 940 2575 alioquin
971 2503 1002 2559 et
1029 2500 1199 2576 ingeniatus
1224 2498 1263 2557 ad

249 2589 393 2648 astutiam
415 2589 502 2646 facile
520 2588 685 2662 perdidicit,
709 2591 864 2648 contentus
883 2589 956 2648 scire
975 2588 1054 2664 quod
1073 2590 1264 2664 concupierat

249 2677 348 2755 coepit
356 2673 471 2755 <dorc>
480 2677 559 2736 nolle
569 2676 648 2752 quod
656 2678 821 2753 pepigerat,
835 2677 886 2737 sed
895 2678 1001 2737 callide
1010 2677 1161 2736 nectendis
1170 2677 1261 2735 moris

208 2787 235 2828 aa
249 2767 389 2826 frustrari
411 2766 587 2843 magistrum
610 2766 782 2841 diutuleque
806 2787 859 2826 nec
873 2761 1018 2845 <caus>as
1035 2761 1163 2845 <a9>ere
1185 2766 1262 2824 uelle

324 2941 357 2989 25
378 2935 447 2990 Gall.
467 2935 492 2989 V
512 2941 554 2994 10.
574 2953 636 2988 cum
655 2934 764 2990 diutule
783 2936 1104 3007 auditor-Protagorae
1121 2936 1221 2988 fuisset
1236 2936 1265 2987 et

324 3097 553 3168 lproximumcp
626 3097 743 3167 thaso]
762 3097 792 3149 h’
813 3078 974 3167 Plocium
1066 3095 1263 3150 baudendum

251 3170 284 3224 G.
309 3169 421 3224 Vossius
444 3167 616 3223 audiendum
634 3167 683 3238 Fa
706 3169 740 3235 cf.
768 3166 833 3221 Tac.
852 3166 925 3221 Hist.
943 3167 992 3220 14
1019 3168 1057 3221 in.
1077 3166 1127 3221 ubi
1144 3165 1165 3218 P
1184 3165 1263 3220 babet

250 3240 396 3294 audientes
420 3257 473 3310 pro
500 3240 635 3294 audentes
658 3246 684 3293 et
705 3239 719 3292 I
738 3244 753 3291 6
771 3240 791 3292 i.
810 3240 831 3305 f.
850 3237 938 3293 acts
964 3240 1042 3293 babet
1068 3235 1195 3290 audienti
1209 3253 1263 3305 pro

250 3329 367 3383 audenti
385 3330 427 3400 (in
445 3348 467 3398 φ
486 3345 520 3382 m.
539 3347 561 3383 r.
581 3329 613 3382 in
630 3343 682 3399 my.
702 3317 717 3380 ”c
736 3327 887 3381 dicendum
960 3329 974 3379 ⁷
994 3341 1058 3380 suos
1076 3325 1193 3381 &mech
1210 3342 1261 3379 uos

249 3401 300 3470 Ρφ
356 3400 496 3454 8ueritas
520 3415 548 3465 se
572 3421 593 3467 φ
649 3399 856 3468 epareutesp
916 3403 949 3451 10
968 3412 1022 3465 que
1040 3397 1262 3468 iapudiam

251 3478 283 3524 11
302 3471 458 3541 Protagora
475 3471 540 3540 119¹
557 3471 591 3538 cs.
612 3472 690 3538 infra
707 3487 748 3524 us.
770 3475 817 3536 14,
837 3474 870 3522 87
890 3468 938 3537 0.,
955 3487 982 3538 p.
1003 3474 1044 3522 30.
1064 3476 1078 3522 l
1101 3468 1149 3523 Kr.
1169 3467 1264 3592 (Hori)

251 3548 285 3596 14
302 3541 458 3613 Protagora
477 3541 525 3609 qui
543 3541 565 3594 P
584 3539 752 3610 Protagoras
771 3541 886 3608 quidem
905 3562 927 3611 φ
1014 3545 1046 3593 15
1065 3538 1224 3594 rethoricae

250 3613 408 3684 retoricerp
438 3618 442 3686 Ι
471 3612 574 3683 phisici
592 3613 643 3682 Pp
753 3617 787 3665 16
806 3615 934 3682 canusa
977 3651 988 3687 ,
1037 3618 1069 3666 17
1089 3609 1192 3664 Euatlo
1210 3610 1262 3679 Po

252 3708 285 3756 18
311 3702 440 3756 suberem
467 3702 507 3755 ΙΝ
534 3703 558 3770 (s
585 3719 667 3756 erasa
693 3704 747 3770 est)
856 3707 890 3754 20
913 3699 1032 3755 Euatlus
1055 3701 1077 3753 F
1102 3699 1222 3754 Euatlus
1241 3719 1265 3767 φ

251 3779 284 3826 22
304 3773 410 3842 alioqui
428 3772 492 3843 Pp¹
574 3779 608 3826 2³
628 3772 796 3842 cupieratrp
877 3780 912 3827 24
938 3772 1013 3842 cepit
1035 3773 1087 3841 Fu
1117 3771 1121 3842 Ι
1151 3769 1264 3844 (dare)

250 3844 325 3898 nolle
343 3846 441 3912 scripsi
458 3843 533 3898 nolle
553 3843 663 3916 (dare)
683 3845 833 3898 Burmann
919 3850 952 3898 et
972 3843 1115 3916 <caue)as
1135 3842 1265 3916 <sg>ere
