3125 4617
668 529 827 584 FLORIDA
1190 531 1252 596 169

144 644 161 684 r.
180 641 293 682 cudens.
1176 641 1192 680 r.
1207 643 1266 682 resa
1280 643 1296 682 r.
1311 644 1360 683 reu.

240 705 272 761 et
304 701 417 760 iudices
441 700 574 758 habeam.
630 699 701 775 quid
732 701 826 775 igitur
853 693 939 776 <me>
966 698 1001 757 de
1033 701 1187 774 repentino
1216 701 1252 759 ab

237 791 297 849 hoc
320 788 557 866 splendidissimo
581 791 739 864 conspectu
762 791 861 847 uestro
891 787 1070 863 distulerim,
1098 807 1187 862 qaam
1208 783 1252 849 oz*-

231 881 362 954 proatso
388 879 523 952 paleato
554 878 717 936 dominibus
748 879 841 936 sabito
873 878 1054 951 oboriantur,
1087 878 1252 953 exemplum

238 970 304 1027 eius
325 968 371 1026 rei
392 968 482 1043 paulo
506 983 588 1025 secus
611 966 796 1024 simillimum
818 966 1000 1039 memorabo,
1023 965 1059 1024 de
1081 965 1253 1026 Philemone

210 1056 361 1118 scomico.
417 1055 452 1113 de
484 1055 603 1132 ingenio
636 1056 699 1113 eius
733 1056 784 1130 qui
817 1055 889 1113 setis
921 1055 1029 1128 nostia,
1061 1054 1106 1113 de>
1128 1057 1252 1115 interitu

238 1147 343 1223 paucis
367 1146 542 1221 cognoscite.
589 1163 627 1202 an
650 1145 741 1202 etiam
764 1143 800 1202 de
822 1145 942 1220 ingenio
965 1162 1061 1219 pauca
1083 1143 1197 1204 uultis?

307 1233 401 1292 Poeta
423 1234 483 1292 fuit
508 1233 557 1290 hic
579 1232 749 1307 Philemon,
781 1231 895 1291 mediae
924 1232 1090 1291 comoediae
1118 1234 1253 1309 scriptor,

238 1325 357 1383 fabulas
391 1341 457 1380 cum
485 1321 647 1380 Menandro
678 1323 710 1379 in
743 1340 879 1380 scaenam
911 1321 1038 1380 dictauit
1069 1322 1252 1398 certauitque

177 1430 222 1481 (ee)
239 1431 309 1470 cum
339 1431 387 1486 eo,
418 1412 543 1470 fortasse
575 1412 686 1486 impar,
719 1414 798 1469 certe
830 1411 971 1469 aemulus.
1026 1430 1153 1486 namque
1186 1431 1253 1470 eum

196 1525 223 1563 10
238 1503 331 1561 etiam
354 1501 428 1558 uicit
450 1519 673 1575 saepenumero:
703 1499 797 1575 pudet
825 1499 930 1558 dicere.
974 1501 1125 1575 repperias
1152 1503 1252 1558 tamen
1298 1521 1302 1536 ·

239 1589 321 1667 apud
352 1591 450 1664 ipsum
479 1590 588 1648 multos
621 1589 711 1662 salae,
748 1590 923 1665 argumenta
954 1588 1052 1664 lepide
1083 1589 1191 1648 inflexa
1219 1609 1253 1648 ac

240 1681 332 1739 nodos
355 1677 452 1736 lucide
475 1679 650 1753 explicatos,
677 1696 819 1754 personas
841 1678 929 1736 rebus
953 1680 1166 1754 competentes,
1189 1697 1252 1737 sen·

237 1769 350 1828 tentiae
369 1769 449 1826 uitae
465 1771 667 1843 congruentes,
688 1767 753 1825 ioca
773 1786 833 1825 non
853 1767 932 1824 infra
953 1784 1078 1841 soccum,
1099 1770 1175 1826 seria
1193 1786 1253 1826 non

237 1876 333 1932 usque
348 1857 386 1914 ad
405 1859 568 1915 coturnum.
595 1875 680 1914 rarae
695 1856 774 1931 apud
787 1856 873 1913 illum
888 1855 1071 1930 corruptelae
1092 1859 1130 1929 et,
1149 1857 1194 1914 uti
1209 1875 1252 1914 er-

178 1966 224 2012 (ee
238 1966 330 2020 rores,
349 1945 478 2004 concessi
498 1964 619 2003 amores.
640 1937 645 2025 Ι
664 1963 719 2003 nec
741 1964 775 2003 eo
801 1945 899 2002 minus
925 1947 956 2002 et
979 1945 1046 2002 leno
1071 1946 1202 2019 perfidus
1223 1948 1253 2004 et
1267 1944 1282 1983 f·
1298 1947 1346 1985 ⁷5⁰·

199 2059 226 2098 1e
242 2038 359 2094 amator
372 2034 504 2093 feruidus
519 2037 550 2092 et
563 2034 697 2092 seruulus
712 2032 836 2091 callidus
851 2036 881 2091 et
895 2033 989 2091 amica
998 2032 1126 2091 illudens
1136 2035 1167 2092 et
1180 2053 1253 2093 uxor

240 2125 378 2183 inhibens
393 2125 423 2182 et
435 2126 531 2182 mater
544 2122 701 2199 indulgens
716 2125 746 2181 et
759 2125 883 2198 patruus
900 2122 1072 2198 obiurgator
1094 2125 1125 2180 et
1143 2123 1252 2182 sodalis

240 2214 408 2290 opitulator
430 2215 460 2271 et
485 2212 571 2270 miles
600 2212 774 2287 proeliator,
805 2210 856 2269 sed
886 2214 916 2269 et
941 2212 1067 2286 parasiti
1097 2211 1199 2271 edaces
1223 2215 1253 2271 et

140 2305 379 2377 comparentes
414 2304 530 2360 tenaces
560 2303 590 2359 et
619 2301 787 2359 meretrices
816 2317 961 2375 procaces.
1007 2299 1086 2358 hisce
1115 2300 1252 2360 laudibus

198 2415 225 2453 so
239 2391 292 2449 diu
314 2391 347 2448 in
371 2393 433 2448 arte
464 2389 630 2449 comoedica
658 2389 765 2448 nobilis
795 2390 872 2447 forte
895 2389 1040 2447 recitabat
1065 2391 1182 2464 partem
1209 2391 1252 2447 fa-

239 2481 341 2554 bulae,
372 2499 461 2554 quam
488 2497 588 2538 recens
615 2480 739 2552 fecerat,
769 2496 894 2552 cumque
920 2477 982 2535 iam
1008 2478 1040 2534 in
1062 2479 1152 2537 tertio
1176 2482 1253 2553 actu,

241 2569 321 2644 quod
345 2587 437 2646 genus
460 2569 491 2625 in
515 2567 665 2627 comoedia
688 2567 752 2625 fieri
782 2569 876 2641 amat,
905 2566 1092 2626 iucundiores
1121 2567 1254 2627 adfectus

314 2796 346 2843 21
368 2790 402 2843 cf.
422 2791 524 2843 Auson.
545 2790 616 2858 grat.
637 2789 711 2842 actio
731 2795 782 2842 1.2
801 2806 828 2857 p.
849 2794 936 2843 3537
956 2789 1083 2861 (Peiper).

314 3008 328 3056 1
349 3004 436 3076 (me)
454 3003 559 3057 inserat
578 3001 642 3072 „de]
661 3002 777 3068 fortasse
795 3007 857 3055 me“
878 3004 930 3057 Kr.
951 3003 1108 3056 distulerim
1121 3019 1165 3055 me
1182 3003 1254 3057 Ood.

241 3083 256 3129 2
278 3074 445 3129 distuleril*
474 3072 671 3142 distulerimp
762 3073 942 3142 tinprouisa
960 3075 1011 3144 Pp
1038 3074 1180 3141 inprouiso
1200 3074 1252 3129 Kr.

240 3147 290 3216 qai
308 3145 401 3199 subito
424 3146 535 3200 inclusit
551 3145 554 3212 Ι
571 3144 735 3198 oboriantur
753 3145 790 3213 φ1
806 3149 810 3211 Ι
825 3147 924 3199 coba:
953 3161 1081 3212 quam-
1092 3144 1256 3197 oboriantur

240 3218 372 3272 transtuli
386 3224 449 3286 post
468 3214 633 3281 distulerim,
653 3232 714 3268 cam
732 3217 763 3268 io
782 3216 841 3270 edd.
863 3224 926 3284 post
949 3215 1109 3269 memorabo
1128 3215 1255 3286 legantur

241 3290 414 3359 Kroeqcram
439 3295 561 3353 seratas,
589 3289 638 3356 qai
664 3293 754 3341 tomen
776 3288 834 3355 ipse
862 3305 895 3341 ea
926 3287 958 3339 ia
985 3303 1033 3340 sao
1061 3288 1117 3341 loco
1144 3287 1255 3356 reliquit

242 3412 361 3467 onostis
380 3411 416 3466 F¹
488 3413 555 3466 8c'o
572 3429 626 3466 ros.
646 3377 699 3465 nud
718 3411 754 3479 φι
772 3411 805 3463 in
823 3429 874 3482 mg.
902 3431 924 3480 φ
949 3429 983 3464 m.
1007 3430 1029 3464 r.
1052 3428 1102 3465 sor.
1123 3360 1150 3464 ds¹
1165 3411 1255 3465 nostis

241 3490 257 3537 8
277 3491 361 3538 scena
379 3484 400 3537 F
420 3499 544 3552 scenap
617 3488 650 3535 10
670 3498 736 3550 sepe
754 3481 876 3553 numeret
896 3482 986 3551 pudet
1004 3482 1096 3536 dicere
1115 3482 1136 3535 F
1156 3498 1252 3550 saepe:

241 3571 387 3608 numerum
405 3573 431 3624 p.
444 3555 469 3608 d.
481 3556 532 3608 Kr.
551 3556 554 3623 Ι
570 3553 749 3622 repperiasF
810 3558 843 3605 12
863 3569 896 3605 ac
914 3553 1002 3607 nodos
1022 3554 1094 3608 Colo.
1114 3553 1254 3622 adgnatos

241 3628 290 3696 Fe
347 3632 381 3679 14
399 3630 546 3680 coturnum
564 3625 617 3694 Fe
642 3624 677 3691 of.
692 3629 833 3694 p.155.11
892 3628 925 3677 15
947 3625 1070 3693 perfidus
1089 3626 1162 3692 Aac,
1181 3625 1254 3694 qaod

241 3699 326 3769 exigit
343 3698 509 3764 sufficerem
522 3699 678 3766 symoniae
691 3695 819 3764 periurus
833 3695 885 3763 Fa
900 3696 934 3762 cf.
945 3696 1036 3750 Plaut.
1048 3695 1126 3764 Capt.
1137 3695 1209 3749 Prol.
1218 3701 1252 3749 57

243 3775 275 3822 18
294 3768 400 3838 pliator
417 3769 462 3836 Fa
480 3767 616 3838 gloriator
636 3768 757 3833 Troade,
780 3767 827 3821 sed
849 3766 1002 3836 proeliator
1024 3775 1062 3822 eet
1083 3766 1253 3837 proeliorum

242 3838 343 3893 auidus
366 3840 411 3894 acl
433 3841 481 3908 qui
502 3856 529 3893 se
553 3839 720 3907 proeliorum
747 3839 864 3892 auidam
886 3856 940 3894 esse
958 3839 1039 3911 fingit
1110 3844 1144 3892 20
1163 3854 1253 3893 come-

141 3975 145 3984 ,
242 3910 306 3964 dica
326 3931 347 3980 φ
420 3917 453 3963 22
472 3909 648 3964 iocuudiores
667 3931 688 3979 φ
705 3912 709 3979 Ι
726 3908 844 3964 affectus
863 3931 885 3980 φ
