3125 4617
645 503 829 560 APOLOGIA
1199 506 1243 572 33

144 614 160 653 1
174 612 285 654 cesano.
1178 615 1194 655 r.
1209 618 1270 659 roes
1283 620 1301 670 r,
1314 621 1352 662 se.

228 674 356 750 quisque
379 673 419 732 sit
442 671 643 748 spectandum,
665 692 719 732 nec
741 692 801 747 qua
823 673 952 750 regione,
975 673 1026 733 sed
1049 693 1108 749 qua
1125 677 1261 737 ratione.

228 763 326 821 uitam
352 762 454 820 uiuere
484 762 598 836 inierit,
625 760 870 821 considerandum
899 765 952 821 est.
997 763 1099 822 olitori
1121 767 1152 823 et
1173 783 1242 824 cau·

228 852 303 929 poni
324 850 431 909 merito
455 852 500 909 est
522 868 704 924 concessum,
734 850 800 909 olus
828 853 860 909 et
887 852 993 909 uinum
1021 870 1056 910 ex
1085 853 1241 914 nobilitate

228 940 287 1001 soli
310 938 522 1014 commendare,
543 940 649 999 uinum
671 940 823 1015 Thasium,
845 940 909 999 olus
928 940 1106 1000 Phliasium:
1131 944 1242 1020 quippe

200 1030 284 1089 silla
305 1030 403 1087 terrae
427 1028 547 1086 alumna
574 1030 702 1086 multum
725 1028 762 1086 ad
789 1029 942 1088 meliorem
969 1048 1104 1106 saporem
1131 1031 1242 1092 iuuerit

229 1122 261 1177 et
282 1117 366 1194 regio
387 1116 513 1176 fecunde
536 1120 566 1176 et
588 1117 703 1176 caelum
724 1118 862 1192 pluuium
884 1121 915 1176 et
937 1121 1044 1177 uentus
1067 1119 1193 1179 clemens
1211 1124 1243 1181 et

156 1223 213 1274 (ne)
228 1208 275 1266 sol
299 1205 416 1282 apricus
443 1208 474 1265 et
500 1206 597 1265 solum
623 1206 764 1264 sucidum.
810 1208 961 1266 enimuero
988 1209 1086 1266 animo
1114 1208 1242 1269 hominis

229 1296 411 1355 extrinsecus
432 1296 465 1353 in
486 1294 649 1369 hospitium
671 1295 802 1370 corporis
824 1296 1009 1373 immigranti
1028 1296 1100 1372 quid
1121 1317 1157 1356 ex
1174 1299 1241 1358 istis

229 1384 301 1443 addi
322 1383 372 1442 uel
393 1383 488 1441 minui
511 1383 549 1441 ad
571 1383 714 1442 uirtutem
736 1383 786 1442 uel
807 1385 955 1443 malitiam
978 1383 1097 1462 potest?
1123 1388 1241 1461 quando

186 1494 214 1532 10
228 1492 289 1532 non
311 1474 344 1531 in
367 1472 501 1531 omnibus
521 1471 526 1545 Ι
546 1472 684 1549 gentibus
701 1473 787 1530 uaria
804 1474 925 1550 ingenia
942 1472 1124 1550 prouenere‘?
1147 1495 1239 1551 quan·
1253 1494 1269 1533 r.
1283 1496 1318 1534 a„

144 1577 322 1638 ,amquam
344 1562 503 1620 uideantur
525 1560 670 1636 quaedam
688 1562 819 1620 stultitia
836 1563 886 1621 uel
904 1564 1038 1622 sollertia
1054 1565 1239 1641 insigniores.

229 1650 310 1729 apud
333 1648 552 1709 socordissimos
576 1649 701 1725 Scythas
723 1649 903 1711 Anacharsis
931 1653 1048 1728 sapiens
1075 1656 1241 1728 natusest,

158 1756 214 1803 (441)
229 1738 310 1816 apud
332 1738 526 1798 Athenienses
549 1741 630 1797 catos
648 1737 802 1797 Meletides
819 1740 928 1800 fatuus.
968 1759 1022 1799 nec
1039 1740 1096 1799 hoc
1118 1759 1152 1800 eo
1170 1741 1241 1817 dixi,

229 1847 289 1905 quo
311 1846 359 1886 me
381 1829 497 1903 patries
520 1846 603 1886 meae
624 1828 800 1902 poeniteret,
823 1828 879 1887 etsi
901 1828 997 1887 adhuc
1021 1828 1164 1905 Syphacis
1188 1849 1240 1905 op-

189 1937 214 1977 15
227 1917 333 1994 pidum
349 1911 361 1995 ΙΙ
400 1934 536 1976 essemus.
570 1934 627 1991 quo
650 1918 750 1975 tamen
772 1917 853 1975 uicto
877 1916 916 1975 ad
932 1918 1121 1976 Masinissam
1140 1937 1240 1995 regem

228 2025 349 2065 munere
371 2006 476 2082 populi
498 2004 626 2065 Romani
652 2006 864 2080 concessimus,
894 2024 928 2064 ac
958 2005 1094 2082 deinceps
1124 2009 1238 2065 uetera·

227 2114 334 2155 norum
352 2095 482 2153 militum
499 2113 577 2152 nouo
601 2094 721 2153 conditu
739 2094 978 2170 splendidissima
995 2096 1112 2154 colonia
1129 2113 1240 2169 sumus,

227 2187 260 2243 in
284 2203 343 2259 qua
371 2183 485 2242 colonie
507 2185 623 2259 patrem
647 2182 739 2241 habui
756 2184 822 2241 loco
844 2184 987 2259 principis
1015 2183 1239 2258 duumuiralem,

228 2273 342 2332 cunctis
364 2272 524 2331 honoribus
546 2272 749 2347 perfimctum:
775 2272 858 2331 cuius
881 2291 936 2349 ego
959 2273 1057 2331 locum
1077 2273 1110 2330 in
1132 2273 1186 2331 illa
1207 2293 1239 2332 re

189 2382 214 2421 ao
227 2361 364 2438 publica,
395 2360 497 2419 exinde
526 2364 561 2420 ut
586 2362 766 2436 participare
790 2362 902 2419 curiam
924 2362 1023 2437 coepi,
1052 2380 1242 2437 nequaquam

160 2466 212 2517 (ue)
227 2451 356 2528 degener
386 2451 452 2526 pari
484 2468 568 2525 spero
600 2450 710 2508 honore
740 2452 770 2508 et
805 2451 1023 2509 existimatione
1049 2453 1143 2509 tueor·
1189 2469 1241 2509 cnr

227 2559 297 2616 ergo
321 2539 376 2597 illa
396 2537 529 2613 protuli?
558 2540 593 2597 ut
614 2539 689 2597 mihi
710 2540 757 2613 tu,
787 2537 967 2614 Aemiliane,
996 2540 1094 2598 minus
1115 2540 1241 2616 posthac
1269 2591 1271 2594 ,

228 2646 414 2701 suscenseas,
442 2629 599 2703 potiusque
622 2630 656 2685 ut
678 2628 797 2686 ueniam
818 2628 988 2703 impertias,
1017 2630 1118 2704 siper
1140 2629 1240 2705 negle-

227 2717 362 2795 gentiam
383 2717 460 2775 forte
489 2735 549 2775 non
577 2716 653 2793 elegi
681 2716 757 2774 illud
786 2719 873 2775 tuum
895 2715 1030 2775 Atticum
1054 2717 1176 2793 Zarath,
1205 2720 1241 2775 ut

189 2826 213 2865 25
227 2808 259 2865 in
283 2825 318 2865 eo
340 2823 482 2864 nascerer.

300 2997 333 3044 12
352 2990 460 3045 Aeliau.
479 3006 538 3043 aar.
557 2989 622 3044 hist.
642 2989 668 3044 V
687 2995 710 3044 7.

301 3068 335 3116 13
354 3061 444 3116 Tzetz:
464 3061 529 3115 chil.
548 3060 599 3115 VII
617 3067 634 3114 4

301 3222 521 3292 lepectandum
539 3224 622 3290 esttp
712 3221 869 3275 2holitori
894 3222 945 3291 Fe
1035 3227 1240 3274 3concessnm

226 3348 300 3402 deest
316 3348 388 3415 ino
418 3296 708 3457 1¹hilutholu'se
789 3345 906 3399 tholus
919 3346 947 3399 'F
1028 3345 1238 3414 balumpnaip

634 3430 643 3457 1

227 3470 392 3525 teucidum
410 3470 473 3538 1²0¹
545 3441 736 3525 9mdtiamF
810 3475 842 3524 11
858 3470 1028 3583 quidamioai
1090 3475 1124 3522 14
1142 3467 1239 3521 sifacis

228 3595 277 3664 Γφ
329 3600 362 3647 16
381 3610 494 3648 munere
507 3593 603 3664 poptil
614 3594 764 3649 &cessimus
782 3595 804 3647 F
822 3611 938 3649 munere
956 3595 1030 3664 p.R.
1051 3592 1238 3648 concessimus

228 3686 249 3735 φ
324 3671 357 3748 1⁹(
377 3665 504 3736 conditu]
528 3666 655 3732 conditu,
674 3666 695 3718 F
715 3666 781 3721 coit’
803 3687 824 3735 φ
902 3671 1012 3750 1841111
1031 3664 1166 3736 [colonia]
1186 3664 1238 3717 Kr.

229 3736 453 3945 {deditio}
464 3736 649 3932 ἳυεὲἕηξξὲ
659 3737 690 3861 ll
710 3806 714 3880 1
736 3742 997 3878 2udefdlleggted(tjldllrlrll
1015 3738 1036 3790 F
1056 3737 1241 3879 mllullurmd'l

257 3897 332 3948 φο.
451 3897 502 3948 .p.
559 3923 563 3933 .
651 3922 656 3932 .

280 3976 377 4019 Asvnnr
390 3976 536 4029 Apologia
551 3982 574 4019 et
587 3979 715 4019 Florida.
1064 3975 1080 4022 3
