3125 4617
643 533 826 589 meroem
1198 537 1239 600 69

144 643 161 684 d.
177 645 280 684 Oudend.
1164 645 1180 684 f.
1194 647 1254 686 lida.
1269 648 1280 684 l

156 721 211 772 (sis)
226 705 418 781 potissimum
442 696 635 778 deposuisti‘l’
659 704 740 762 itane
764 705 817 777 cst,
840 700 1026 762 Aemiliane?
1051 705 1093 762 sic
1112 723 1261 779 accusas,-

226 797 262 852 ut
284 793 386 852 omnia
409 810 428 850 a
450 811 500 851 reo
522 793 707 867 percontere,
736 792 813 850 nihil
841 793 905 867 ipse
934 791 1051 868 adferas
1079 795 1240 870 cognitum.

227 879 333 958 ‘quam
357 881 395 940 ob
418 900 480 940 rem
498 881 588 956 piscis
612 875 761 955 quaerisl’
790 875 854 938 ‘cur
875 899 997 957 aegram
1018 880 1173 940 mulierem
1194 883 1239 939 in-

227 965 386 1047 spexisti‘l'
411 964 495 1044 ‘quid
516 971 549 1027 in
572 969 691 1029 sudario
709 963 873 1028 habuisti?'
897 971 1000 1028 utrum
1018 972 1051 1028 tu
1069 972 1240 1029 accusatum

201 1079 268 1120 san
290 1060 509 1136 interrogatum
532 1055 660 1117 uenisti?
700 1059 726 1116 si
748 1060 934 1133 accusatum,
956 1060 1021 1117 tute
1048 1076 1139 1136 argue
1163 1077 1238 1134 quae

226 1150 311 1222 dicis,
335 1149 362 1207 si
383 1149 609 1224 interrogatum,
631 1146 694 1204 noli
716 1146 921 1222 praeiudicare
944 1148 1015 1222 quid
1038 1148 1137 1222 fuerit,
1161 1148 1239 1223 quod

225 1239 294 1298 ideo
317 1240 349 1295 te
371 1254 487 1296 necesse
511 1237 556 1294 est
578 1236 770 1312 interrogare,
795 1236 865 1310 quia
887 1237 991 1295 nescis.
1036 1238 1167 1295 ceterum
1184 1237 1240 1297 hoc

227 1325 349 1404 quidem
371 1328 459 1401 pacto
483 1341 581 1384 omnes
604 1323 737 1383 homines
762 1325 806 1383 rei
829 1325 1058 1399 constituentur,
1088 1327 1115 1384 si
1138 1327 1166 1384 ei
1189 1328 1240 1400 qui

225 1434 334 1476 nomen
358 1415 523 1490 cuiuspiam
546 1413 699 1487 detulerit,
725 1413 810 1471 nulla
836 1414 994 1472 necessitas
1023 1415 1063 1473 sit
1084 1413 1240 1490 probandi,

189 1525 213 1565 ro
227 1505 324 1564 omnis
356 1506 458 1562 contre
487 1501 615 1561 facultas
645 1501 846 1576 percontandi.
897 1503 1006 1578 quippe
1036 1502 1184 1578 omnibus,
1214 1505 1240 1562 si

227 1595 275 1652 cui
305 1593 384 1652 forte
415 1593 568 1668 negotium
598 1591 715 1667 magiae
747 1590 916 1665 facessitur,
949 1591 1089 1666 quicquid
1121 1593 1239 1651 omnino

228 1683 358 1760 egerint,
395 1681 546 1740 obicietur.
606 1682 710 1737 uotum
745 1680 777 1737 in
814 1680 939 1739 alicuius
976 1683 1094 1739 statuae
1130 1682 1240 1739 femore

229 1771 371 1849 signasti:
393 1771 488 1847 igitur
509 1785 614 1846 magus
633 1786 677 1841 ee,
699 1770 753 1826 aut
771 1787 824 1826 cur
837 1767 985 1844 signasti?
1007 1770 1116 1827 tacitas
1139 1787 1239 1844 preces

164 1875 215 1927 (ue)
228 1862 260 1919 in
282 1860 396 1935 templo
419 1859 481 1918 deis
505 1857 657 1934 allegasti:
678 1854 773 1934 igitur
794 1875 899 1933 magus
924 1875 967 1930 es3
990 1859 1044 1915 aut
1066 1857 1138 1931 quid
1156 1860 1240 1932 opta·

190 1969 214 2010 rs
228 1946 288 2009 sti?
326 1951 442 2007 contra:
478 1947 554 2004 nihil
581 1947 613 2003 in
641 1945 752 2021 templo
775 1947 912 2021 precatus
940 1963 984 2004 est
1019 1946 1113 2022 igitur
1134 1964 1239 2022 magus

228 2056 272 2112 ee,
296 2041 350 2096 aut
373 2056 425 2095 cur
448 2035 516 2095 deos
540 2053 599 2093 non
621 2032 755 2110 rogasti?
779 2035 917 2093 similitor
935 2036 961 2093 si
978 2035 1112 2109 posueris
1131 2034 1241 2093 donum

228 2127 364 2202 aliquod,
396 2127 423 2184 si
452 2123 676 2197 sacrificaueris,
709 2123 735 2182 ei
770 2123 929 2182 uerbenam
956 2123 1124 2198 sumpseris.
1176 2123 1240 2182 dies

227 2236 275 2275 me
298 2215 428 2288 deficiet,
458 2214 484 2273 si
511 2212 610 2273 omnia
639 2212 731 2270 uelim
759 2213 911 2287 persequi,
941 2230 1066 2286 quorum
1095 2213 1240 2270 rationem

229 2304 370 2364 similiter
392 2304 590 2363 calumniator
617 2301 774 2377 flagitabit.
804 2295 810 2378 Ι
838 2301 1013 2376 praesertim
1040 2299 1119 2375 quod
1141 2301 1240 2359 eondi-

191 2396 293 2454 aotum
316 2411 458 2467 cumque,
486 2390 564 2466 quod
587 2389 791 2466 obsignatum,
817 2388 896 2465 quod
918 2389 1064 2448 inclusum
1087 2389 1167 2448 domi
1189 2390 1240 2448 ad-

228 2485 376 2555 seruatur,
398 2479 430 2539 id
453 2499 538 2539 omne
561 2478 663 2538 eodem
685 2481 861 2555 argumento
879 2480 1028 2555 magicum
1046 2478 1160 2537 dicetur
1178 2481 1207 2538 et
1225 2499 1241 2537 e

228 2571 305 2630 cella
328 2569 513 2646 promptaria
535 2569 568 2626 in
597 2568 695 2627 forum
717 2569 807 2642 atquc
836 2568 868 2624 in
897 2567 1040 2626 iudicium
1066 2568 1239 2642 proferetur.

295 2659 379 2718 Haec
401 2659 515 2734 quante
537 2657 598 2716 sint
621 2659 651 2714 et
673 2655 869 2731 cuiusmodi,
891 2656 1028 2730 Maxime,
1051 2658 1239 2732 quantusque
1253 2654 1306 2712 LV

228 2767 351 2824 campus
374 2747 530 2806 calumniis
552 2745 608 2804 hoc
630 2744 793 2804 Aemiliani
814 2745 935 2803 tramite
958 2746 1124 2820 aperiatur,
1149 2763 1241 2821 quan-

192 2859 214 2898 ss
228 2839 313 2912 tique
343 2835 464 2896 sudores
493 2833 698 2894 innocentibus
727 2832 783 2892 hoc
806 2852 865 2892 uno
888 2833 1038 2893 sudariolo
1060 2833 1241 2907 adderentur,

226 2944 351 3002 possum
373 2924 510 2999 equidem
531 2921 666 3000 pluribus
690 2921 855 2998 disputare,
884 2922 936 2982 sed
965 2923 1073 2982 faciam
1097 2922 1175 2998 quod
1196 2923 1241 2980 in-

230 3015 329 3075 stitui:
368 3014 459 3072 etiam
481 3011 560 3088 quod
587 3030 647 3070 non
669 3028 786 3070 necesse
810 3013 855 3070 est
882 3010 1043 3070 confitebor
1066 3012 1095 3068 et
1117 3012 1241 3070 interro-

230 3106 319 3181 gatus
350 3102 388 3161 ab
416 3101 584 3160 Aemiliano
613 3099 804 3176 respondebo.
856 3100 1038 3176 interrogas,
1067 3099 1241 3173 Aemiliane,

301 3277 334 3325 13
355 3270 389 3326 cl.
409 3269 500 3324 Schol.
521 3269 557 3323 ad
575 3269 671 3322 quen.
690 3267 716 3320 X
730 3271 764 3321 55
783 3267 937 3337 insignata:
957 3269 1025 3321 uota
1042 3265 1142 3320 facere.

299 3438 315 3486 2
362 3396 525 3499 percontere
561 3429 645 3499 scalpo
686 3429 850 3498 percontare
886 3427 942 3496 Fq
982 3429 1151 3496 percontans
1188 3426 1242 3479 Kr.

228 3562 243 3609 3
261 3555 349 3626 piscis
368 3554 420 3624 Fq
484 3559 501 3606 4
519 3555 613 3633 utrum
631 3555 663 3607 tu
682 3552 764 3608 Sotm.
784 3554 817 3606 ut
834 3553 928 3605 sumtu
947 3549 996 3619 For
1061 3557 1082 3632 5⁸
1096 3510 1242 3603 arcuati}

229 3627 322 3682 soil
337 3625 359 3678 F
451 3629 483 3678 10
510 3623 535 3676 si
556 3624 613 3696 eur]
640 3623 751 3679 sicutF
776 3621 859 3692 eido
950 3626 983 3675 12
1010 3620 1147 3675 obicietur
1164 3621 1243 3744 Pol]

228 3701 305 3752 statu
325 3695 484 3770 {femoreF
560 3700 593 3748 21
614 3697 643 3748 et
660 3696 758 3764 scripsi
776 3695 827 3748 aut
844 3694 894 3763 Fq
975 3698 1009 3746 22
1027 3691 1202 3761 promptaria

227 3767 347 3842 p'ptoriu
366 3787 388 3836 φ
407 3767 442 3833 cs.
461 3765 552 3820 Plaut.
571 3765 672 3836 Amph.
694 3771 744 3819 156
763 3763 958 3836 promptuaria
976 3764 1028 3818 Kr.
1110 3769 1144 3816 23
1163 3762 1243 3818 cuiu-

229 3838 352 3894 scemodi
370 3838 392 3891 F
408 3835 576 3906 dcemodip
667 3843 701 3890 24
721 3835 929 3906 calumpniieo
1020 3840 1053 3889 26
1074 3833 1241 3907 ad,f,fcran-

228 3913 273 3965 tur
292 3931 313 3980 φ

1273 3992 1422 4068 fl
