3125 4617
657 509 840 565 APOLOGIA
1210 512 1252 580 41

142 620 173 660 ld.
188 618 298 660 Oudend.
1192 620 1208 666 f.
1223 621 1309 662 luat
1325 622 1365 663 81).

240 679 301 737 tibi
327 678 418 738 etiam
441 676 590 737 Theocriti
612 679 697 754 paria
721 680 750 737 et
779 678 838 737 alia
861 678 984 737 Homeri
1007 681 1036 737 et
1059 678 1169 756 Orphei
1190 682 1256 757 plu-

241 768 330 842 rima,
356 768 386 825 et
409 785 444 825 ex
466 766 624 828 comoediis
648 769 678 827 et
700 767 862 843 tragoediis
881 766 1000 827 Graecis
1024 771 1107 827 etex
1125 769 1257 831 historiis

241 856 341 914 multa
364 856 551 930 repetissem,
574 856 606 913 ni
628 857 658 914 te
682 855 794 914 dudum
817 856 1092 917 animaduertissem
1115 857 1258 919 Graecam

242 944 434 1004 Pudentillae
450 944 608 1019 epistulam
626 945 723 1022 legere
741 946 918 1020 neqniuisse.
950 946 1044 1023 igitur
1060 966 1153 1006 unum
1167 948 1257 1006 etiam

215 1035 364 1109 epactam
387 1032 528 1092 Latinum
552 1034 717 1110 attingam
742 1052 845 1093 uersus
868 1035 949 1112 ipses
973 1029 1074 1113 [quos]
1098 1038 1258 1113 agnoscent

245 1124 296 1199 qui
320 1121 455 1182 Laelium
477 1122 588 1199 legere:

170 1262 229 1313 (aar)
501 1245 614 1322 philtra
638 1247 736 1305 omnia
759 1247 891 1323 undique
914 1249 1036 1306 eruuntr

503 1334 671 1411 antipathes
694 1334 770 1393 illud
794 1337 955 1411 quaeritin,

170 1440 228 1490 (rea)
294 1417 296 1423 ’
501 1423 672 1499 trochisoili‚
693 1442 817 1501 ungues,
838 1426 965 1500 taeniae,

202 1534 229 1572 10
501 1512 660 1588 radiculae,
682 1512 799 1587 herbae,
823 1514 941 1588 surculi,

170 1619 229 1666 (rsa)
503 1619 617 1675 saurae,
639 1601 742 1659 inlices
764 1601 929 1677 bicodulae,
1009 1627 1011 1630 ¹

172 1707 229 1758 (aar)
399 1702 406 1731 -·
502 1689 697 1751 hinnientium
720 1688 897 1751 dulcedines.

310 1813 392 1872 Haec
415 1815 445 1871 et
468 1814 528 1872 alia
551 1813 700 1888 quaesisse
727 1832 775 1871 me
803 1814 905 1888 potius
934 1833 1024 1890 quam
1049 1817 1145 1890 pisces
1167 1817 1364 1895 longeXXXI

242 1901 435 1961 uerisimilius
458 1902 646 1961 confinxisses
665 1934 707 1943 --
726 1901 772 1960 hia
797 1903 905 1961 etenim
927 1904 1053 1963 fortasse
1075 1925 1128 1979 per
1145 1906 1257 1966 famam
1331 1963 1334 1968 ,

202 2013 229 2053 ra
243 1992 452 2067 peruulgatam
470 1990 542 2050 fides
560 1991 666 2050 suisset
680 2022 731 2065 -—,
755 1990 780 2049 si
798 1991 855 2049 tibi
877 1991 939 2050 ulla
958 1991 1084 2051 eruditio
1104 1993 1255 2055 adfuisset.

244 2080 396 2139 enimuero
417 2080 507 2155 piscis
532 2079 569 2137 ad
592 2099 682 2155 quam
703 2098 766 2139 rem
789 2080 863 2138 facit
885 2084 989 2157 captus
1011 2082 1070 2142 nisi
1093 2082 1131 2141 ad
1154 2084 1256 2159 epulas

245 2166 367 2228 coctus?
391 2171 520 2227 ceterum
543 2169 580 2227 ad
603 2168 734 2245 magiam
756 2168 833 2227 nihil
856 2170 1015 2245 quicquam
1040 2171 1160 2231 uidetur
1181 2173 1257 2231 mihi

143 2252 236 2353 μῇξξ
245 2257 389 2317 adiutare.
422 2257 519 2317 dicam
541 2257 619 2317 unde
641 2257 673 2315 id
696 2258 865 2317 coniectem.
901 2258 1105 2335 Pythagoram
1121 2262 1256 2336 plerique

222 2307 396 2405 'Zoroashi
418 2349 593 2405 sectatorem
611 2346 808 2421 similiterque
827 2347 944 2424 magiae
962 2348 1092 2424 peritum
1109 2350 1257 2425 arbitrati,

205 2438 347 2497 solamen
365 2436 524 2495 memoriae
541 2434 744 2512 prodiderunt,
762 2453 830 2495 cum
849 2436 1107 2499 animaduertisset
1123 2440 1257 2515 proxime

317 2626 352 2674 20
371 2620 404 2674 cf.
431 2620 492 2675 val.
512 2620 586 2675 Max.
605 2620 644 2673 IV
663 2628 687 2675 1.
704 2625 733 2689 ⁷3
758 2621 820 2675 th.
845 2623 882 2690 (p.
903 2627 953 2675 193
973 2623 1016 2677 ed.
1035 2622 1157 2695 Kempf)‚
1182 2626 1256 2679 Plut.

371 2692 464 2761 Symp.
484 2697 508 2746 8.
520 2697 544 2759 8,
563 2691 623 2746 nel.
645 2690 676 2745 V.
695 2692 729 2747 H.
750 2698 792 2746 13.
803 2698 846 2746 31.

317 2828 526 2952 tconlddiisP
543 2870 547 2940 ί
563 2866 741 2939 tragediisp
809 2873 976 2939 sephama
1044 2878 1145 2939 equos
1163 2875 1255 2929 scolas.

243 2940 360 2995 Salmas.
371 2938 598 3063 ipsos<dioam?‚
610 2956 679 3007 quos
689 2940 786 2995 Redde
794 2941 837 2996 cll.
846 2959 874 3009 p.
881 2946 923 2995 50.
931 2947 964 2995 14
973 2947 1027 2995 484
1037 2941 1067 2997 Ο.
1077 2961 1105 3011 p.
1115 2949 1158 2998 48.
1167 2950 1199 2997 14
1209 2945 1256 2999 Kr.

244 3018 260 3065 6
279 3012 416 3067 Laeuium
434 3013 518 3083 scalpo
543 3011 609 3065 laid
629 3012 678 3080 Pp
787 3013 892 3066 tradit
916 3015 954 3067 ad
978 3014 1100 3068 ordinem
1126 3016 1258 3070 librorum
1278 3050 1282 3058 -

242 3082 353 3154 philtra
371 3081 465 3137 omnia
482 3082 607 3151 undique
630 3084 732 3135 eruunt
756 3082 918 3151 antiphatae
945 3082 1019 3137 illud
1045 3085 1190 3151 quaeritur
1208 3087 1257 3155 Fp

244 3153 407 3223 antipathes
430 3153 503 3207 illud
527 3153 654 3220 quaerito
677 3152 788 3207 Philtra
811 3154 905 3208 omnia
927 3154 1052 3222 undique
1074 3155 1185 3209 irruunt
1203 3158 1256 3211 Kr.

242 3243 305 3281 cam
314 3225 398 3280 Salia.
410 3224 571 3293 antipathes
581 3224 665 3279 Salm.
680 3225 722 3279 cll.
734 3226 809 3279 Plio.
819 3225 859 3278 H.
870 3226 908 3279 N.
919 3231 961 3281 97.
978 3231 1028 3279 145
1039 3226 1042 3299 l
1052 3225 1163 3280 irruunt
1171 3227 1255 3281 Solm.

244 3297 367 3349 adruont
385 3296 486 3351 Baetr.
560 3301 575 3349 9
594 3293 749 3350 trochiscili
767 3295 817 3364 Pp
835 3296 957 3365 trochus,
976 3296 1029 3367 pili
1038 3298 1090 3351 Kr.
1102 3314 1163 3351 cram
1172 3297 1255 3352 Salm.

242 3364 400 3421 trochilisci
420 3367 535 3423 Ocaoat.
554 3367 659 3435 trochi,
678 3366 777 3439 scyphi
796 3366 897 3477 {iactr
927 3369 932 3437 Ι
960 3383 1068 3437 ungues
1087 3388 1109 3436 φ
1127 3370 1257 3438 ungesl'

245 3497 350 3545 10-11
381 3490 499 3544 surculis
519 3506 585 3563 aurp
604 3492 654 3561 Pp
728 3496 759 3545 11
788 3462 909 3561 illoesa
982 3496 1015 3544 12
1038 3490 1257 3545 hinnientumP

246 3568 279 3617 1a
299 3561 358 3615 alia
376 3562 426 3631 Pp
491 3568 542 3616 ,11
559 3561 615 3617 hiis
634 3562 670 3631 φ1
752 3566 786 3614 15
805 3560 980 3645 affuissetp.
1046 3568 1079 3615 17
1094 3562 1256 3634 quicquam]

243 3700 408 3755 quanquam
426 3685 448 3738 P
467 3636 557 3755 quql
579 3707 601 3755 φ
621 3688 625 3756 l
650 3684 764 3741 uidetur
783 3706 805 3754 φ
830 3688 835 3755 Ι
858 3647 888 3739 ln
906 3705 928 3755 φ
1006 3690 1039 3739 19
1059 3686 1256 3758 'Zproastriil

242 3812 342 3936 gitta
355 3816 396 3951 1)ῦ.
419 3816 460 3879 19,
479 3814 548 3863 3117
568 3768 714 3864 Zoroastri
728 3831 749 3879 φ
769 3812 793 3881 (a
807 3809 871 3865 add.
885 3827 920 3865 m.
939 3810 1055 3898 fortasse
1067 3816 1093 3879 2,
1112 3812 1159 3869 aad
1175 3812 1258 3867 ualde

293 3899 360 3951 aqua
