3125 4617
639 519 823 576 APOLOGIA
1175 522 1237 586 121

147 631 280 675 ,oudone
1160 631 1252 676 ιιιιι.
1265 634 1283 674 ι.
1324 637 1346 675 ι.

224 693 400 754 ualetudine
423 693 570 766 scriberet,
599 692 651 750 diu
678 711 743 752 sum
767 690 908 751 aduersus
934 690 1020 750 illam
1046 691 1174 767 renisus,
1204 711 1241 752 ne
1298 636 1323 677 ῃ

223 783 306 842 hunc
329 783 366 843 ob
389 785 436 841 tot
458 782 584 858 insignis
608 780 811 855 contumelias,
834 780 870 839 ob
889 783 936 839 tot
953 781 1078 840 iniurias
1096 775 1106 860 ΙΙ
1124 781 1241 841 exhere-
1257 801 1272 842 r.
1286 801 1346 842 ιιι..

152 889 212 940 (sse)
226 872 323 931 daret
378 871 508 948 elogium
540 870 750 948 grauissimum
785 870 846 928 iam
876 872 975 929 totum
1009 869 1124 929 medius
1155 869 1243 930 fidius

228 961 428 1039 perscriptum
442 963 477 1020 ut
491 960 630 1034 aboleret,
649 959 792 1036 impensis
805 959 941 1036 precibus
956 960 1048 1018 oraui.
1084 961 1243 1036 postremo,

199 1052 261 1112 sni
283 1051 491 1126 impetrarem,
521 1048 708 1108 diuersurum
736 1066 783 1107 me
814 1048 850 1107 ab
879 1067 914 1106 ea
943 1049 1139 1108 comminatus
1162 1066 1243 1107 sum:

228 1139 305 1198 mihi
328 1139 404 1197 hanc
427 1138 545 1197 ueniam
567 1138 725 1212 tribueret,
753 1137 865 1195 malam
891 1136 988 1195 filium
1014 1136 1155 1197 beneficio
1178 1137 1243 1195 uin-

230 1230 319 1303 ceret,
341 1247 389 1288 me
411 1227 527 1286 inuidia
550 1227 632 1286 omni
653 1227 802 1286 liberaret.
847 1244 901 1285 neo
923 1227 1006 1302 prius
1029 1226 1132 1286 destiti
1154 1245 1244 1302 quam

228 1319 274 1376 ita
296 1317 377 1376 fecit.
414 1315 499 1376 doleo
521 1335 568 1374 me
588 1315 683 1375 hunce
702 1315 874 1391 scrupulum
887 1314 1056 1375 Aemiliano
1075 1315 1244 1393 dempsisse,

229 1410 294 1466 tam
311 1405 499 1482 inopinatam
517 1400 656 1465 semitam
673 1403 828 1464 indicasse.
856 1407 958 1481 specta
972 1423 1090 1480 quaeso,
1107 1405 1245 1479 Maxime,

148 1499 268 1555 mourut
289 1494 371 1554 hisce
399 1495 509 1554 auditis
537 1494 635 1554 subito
663 1493 853 1569 obstipuerit,
885 1495 920 1552 ut
947 1495 1047 1554 oculos
1075 1494 1112 1553 ad
1134 1497 1245 1553 terram

193 1605 218 1644 11
233 1584 399 1645 demiserit:
423 1583 502 1642 enim
524 1583 612 1660 longe
636 1583 755 1658 sequius
777 1584 862 1642 ratus
884 1582 992 1657 fuerat,
1014 1601 1069 1643 nec
1090 1583 1245 1642 inmerito:

231 1674 387 1732 mulierem
405 1671 462 1731 filii
480 1672 666 1732 contumeliis
689 1672 838 1746 infestam,
859 1672 934 1731 meis
952 1671 1058 1732 officiis
1076 1672 1245 1731 deuinctam

233 1762 353 1822 sciebat.
404 1760 441 1821 de
473 1780 522 1820 me
554 1779 670 1836 quoque
702 1761 762 1819 fuit
789 1759 869 1836 quod
900 1761 1034 1820 timeret:
1066 1762 1164 1837 quiuis
1196 1762 1245 1820 uel

234 1869 327 1926 aeque
349 1852 385 1910 ut
408 1869 462 1928 ego
482 1868 621 1927 spernens
639 1848 823 1924 hereditatis,
845 1851 947 1907 tamen
964 1849 1110 1908 uindicari
1128 1849 1164 1908 de
1181 1853 1246 1909 tam

195 1959 219 2001 ιι
232 1939 398 2000 inofficioso
421 1939 561 2017 priuigno
584 1958 644 1998 non
665 1941 839 1999 recusasset.
884 1938 957 1998 haec
983 1940 1141 2015 praecipue
1165 1938 1245 1998 solli-

233 2029 334 2100 citudo
357 2047 407 2088 eos
435 2029 474 2087 ad
503 2029 721 2088 accusationem
747 2028 807 2088 mei
838 2027 1018 2087 stimulauit:
1050 2026 1245 2087 hereditatem

234 2137 351 2179 omnem
374 2117 449 2176 mihi
470 2118 607 2176 relictam
628 2117 705 2176 falso
729 2135 763 2176 ex
791 2136 847 2176 sua
876 2117 1004 2175 auaritia
1034 2117 1244 2176 coniectauere.

234 2208 318 2268 soluo
350 2225 404 2266 uos
435 2207 468 2264 in
499 2207 694 2283 praeteritum
725 2207 783 2266 isto
815 2208 904 2264 metu.
954 2224 1082 2281 namque
1114 2206 1245 2264 animum

233 2315 333 2356 meum
355 2315 451 2371 neque
473 2294 647 2354 hereditatis
670 2313 765 2371 neque
789 2295 912 2354 ultionis
931 2296 1046 2354 occasio
1063 2294 1164 2372 potuit
1180 2294 1245 2353 loco

197 2405 221 2446 ιι
234 2387 399 2445 demouere.
445 2385 579 2462 pugnaui
602 2403 666 2443 cum
695 2385 775 2444 irata
802 2387 897 2443 matre
924 2402 979 2460 pro
1005 2384 1145 2462 priuigno
1167 2384 1246 2442 malo

232 2476 370 2549 uitricus,
393 2473 489 2532 ueluti
510 2475 597 2550 pater
619 2492 674 2550 pro
697 2474 811 2551 optimo
833 2473 896 2532 filio
920 2473 1061 2534 aduersus
1079 2491 1247 2547 nouercam,

232 2581 287 2624 nec
318 2563 392 2623 satis
420 2563 493 2637 fuit,
524 2563 554 2620 ni
587 2562 682 2622 bonae
712 2563 813 2622 uxoris
843 2563 989 2638 prolixam
1010 2555 1015 2644 Ι
1034 2562 1245 2622 liberalitatem
1259 2579 1274 2619 ι.
1289 2579 1337 2620 ιιι,

170 2667 218 2720 (ιιι)
233 2655 313 2712 circa
335 2671 383 2711 me
404 2652 498 2710 nimio
520 2652 588 2727 plus
612 2669 706 2726 aequo
729 2669 900 2710 coercerem.

304 2739 383 2800 cedo
401 2743 435 2798 tu
452 2742 666 2800 testamentum
683 2741 745 2798 ism
762 2740 884 2799 inimico
901 2739 964 2800 filio
983 2760 1001 2799 a
1018 2743 1114 2800 matre
1127 2739 1287 2815 factumi}

196 2851 220 2892 sc
233 2850 282 2890 me
307 2847 396 2906 quem
417 2830 469 2889 isti
487 2829 666 2907 praedonem
693 2829 797 2888 dicunt
823 2829 916 2888 uerba
942 2830 1062 2908 singula
1088 2849 1156 2889 cum
1183 2848 1248 2906 pre-

231 2921 320 2980 cibus
342 2921 513 2996 praeeunte.
557 2919 658 2994 rumpi
683 2919 802 2978 tabulas
829 2920 903 2978 istas
930 2919 1013 2994 iube,
1039 2919 1181 2978 Maxime:
1203 2919 1248 2976 in-

234 3009 338 3070 uenies
368 3007 463 3066 filium
492 3007 643 3082 heredem,
667 3007 742 3066 mihi
771 3027 843 3068 uero
865 3010 955 3067 tenue
982 3009 1080 3067 nardo
1104 3007 1176 3083 quid
1197 3006 1249 3066 ho-

310 3247 481 3302 lscribcret
498 3268 520 3318 φ
540 3247 688 3303 scribserat
705 3249 727 3302 F
744 3249 749 3317 Ι
765 3247 899 3375 aducsrsus
917 3248 968 3318 llo
1040 3253 1056 3301 2
1076 3212 1251 3300 exteredarct

235 3375 257 3428 F
313 3371 634 3441 lorauitl'orauitp
693 3335 1099 3441 edifirurdsdiuisurumo
1153 3370 1250 3424 duin-

237 3445 364 3500 ceretae
381 3443 434 3496 l'
422 3461 454 3498 m
470 3460 526 3499 ras.
544 3445 676 3512 scriptam
693 3443 820 3498 uinceret
837 3464 860 3512 φ
946 3448 962 3497 8
980 3442 1085 3516 hunefe
1102 3442 1124 3495 l'
1142 3440 1250 3496 huncce

238 3591 260 3640 φ
352 3567 517 3622 eremitam
543 3569 628 3640 culpo
655 3570 743 3622 semet
770 3568 820 3637 Fe
912 3528 1249 3637 necquslleequot

237 3694 308 3749 ratis
326 3693 349 3748 F
366 3689 456 3778 1ch
422 3712 498 3763 fo
553 3697 586 3746 12
605 3691 738 3746 infestam
757 3691 874 3747 anmed
888 3690 1024 3746 infectam
1036 3691 1087 3761 l'p
1142 3695 1176 3745 13
1189 3707 1252 3759 qur

237 3766 282 3820 ιιι
300 3765 351 3835 Pp
370 3782 434 3833 quis
411 3745 505 3820 Kr
614 3769 647 3818 ie
666 3769 732 3848 poet
747 3763 804 3817 mei
821 3770 847 3819 ct
864 3770 929 3833 poet
946 3762 1134 3817 hereditatem
1150 3778 1252 3817 recuro

238 3844 285 3904 eat,
303 3838 372 3906 qaia
388 3837 499 3908 norma
516 3835 745 3905 interpretationis
763 3835 879 3890 ἀιῖιιιιιι
896 3841 935 3890 cet
1005 3840 1041 3888 28
1059 3831 1250 3890 coercercmF

239 3909 416 3964 cohercerem
434 3927 456 3977 φ
475 3907 531 3978 (sed
548 3905 569 3959 h
586 3907 673 3962 deleta
690 3906 737 3974 est)
810 3911 844 3960 26
862 3905 1029 3976 praeeunte³
1051 3905 1101 3977 Ρφ
