3125 4617
676 498 859 554 aroucam
968 549 971 553 ,
1230 502 1272 565 27

144 608 179 647 Id.
199 606 317 647 Oudend.
1207 608 1224 648 f.
1238 610 1300 650 1oeb.
1313 610 1329 650 f.
1344 611 1378 651 ab.

144 666 361 726 ..amnonda
388 668 522 741 strenua,
551 666 583 725 in
616 664 735 725 Socrate
767 667 898 742 sapiens,
929 668 961 724 in
993 667 1122 726 Homero
1154 668 1272 728 diserta.

259 756 362 814 eadem
385 758 544 831 paupertas
573 755 663 813 etiam
690 756 801 832 populo
827 756 961 814 Romano
987 756 1145 831 imperium
1173 758 1273 832 apri<

259 844 375 903 mordio
394 844 541 918 frmdauit,
563 863 675 919 proque
694 864 728 903 eo
746 844 778 902 in
792 844 967 903 hodiernum
980 844 1037 903 diis
1055 845 1271 905 immortalibus

260 932 391 1008 simpulo
415 936 445 991 et
468 932 566 991 catino
588 932 674 991 fictili
701 933 855 991 sacrificat.
901 932 980 1009 quod
1003 933 1137 993 simodo
1161 934 1271 993 iudices

177 1038 245 1089 (aas)
260 1022 298 1081 de
322 1040 411 1080 causa
432 1023 491 1080 ista
510 1021 644 1081 sederent
663 1020 692 1081 0.
711 1021 874 1096 Fabricius,
893 1022 946 1081 Gn.
967 1020 1075 1097 Scipio,
1093 1023 1137 1080 Μ’
1157 1022 1271 1097 (iunius,

228 1130 388 1187 equorum
410 1110 489 1169 filiae
513 1110 549 1169 ob
573 1113 779 1188 paupertatem
803 1110 838 1169 de
860 1110 980 1186 publico
1004 1110 1122 1170 dotibus
1145 1112 1271 1171 donatae

259 1200 300 1257 ad
317 1199 440 1258 maritos
460 1200 559 1259 ienmt
575 1202 729 1275 portantes
748 1199 876 1277 gloriam
894 1199 1092 1274 domesticam,
1115 1201 1272 1277 pecuniam

256 1288 422 1365 publicam:
454 1289 480 1347 si
502 1288 656 1347 Publicola
682 1308 787 1365 regum
814 1291 933 1347 exactor
958 1291 988 1347 et
1009 1288 1146 1367 Agrippa
1167 1290 1271 1365 populi

256 1377 477 1451 reconciliator,
505 1396 630 1453 quorum
652 1378 740 1437 funus
764 1377 801 1436 ob
824 1377 922 1436 tenuis
945 1396 1015 1454 opes
1039 1398 1057 1436 a
1078 1378 1190 1455 populo
1212 1379 1270 1436 Ro·

211 1485 347 1527 romano
379 1467 494 1525 collatis
524 1465 708 1525 sextantibus
739 1465 915 1525 adornatum
945 1469 1002 1525 est:
1032 1468 1057 1525 si
1079 1466 1191 1526 Atilius
1213 1468 1270 1525 Re-

258 1556 358 1633 gulus,
382 1555 464 1615 cuius
488 1555 602 1632 agellus
625 1555 661 1613 ob
686 1555 813 1614 similem
834 1556 990 1630 penuriam
1007 1555 1127 1631 publica
1145 1556 1270 1632 pecunia

256 1644 356 1703 cultus
380 1647 437 1703 est:
464 1644 490 1703 si
518 1644 643 1719 denique
667 1663 766 1703 omnes
794 1643 865 1702 illae
888 1646 1000 1703 ueteres
1022 1644 1179 1720 prosapiae
1204 1664 1271 1703 con-

255 1734 371 1791 sulares
399 1735 430 1791 et
457 1733 605 1792 censoriae
634 1735 663 1791 et
689 1732 885 1809 triumphales
906 1732 990 1791 breui
1017 1751 1108 1792 usura
1134 1734 1209 1793 lucis
1232 1733 1294 1791 ad¹

255 1821 401 1879 iudicium
427 1821 508 1880 istud
530 1822 670 1881 remissae
699 1822 848 1895 audirent,
876 1821 1035 1880 auderesne
1063 1824 1270 1898 paupertatem

212 1930 240 1969 15
254 1910 433 1986 philosopho
457 1911 632 1986 exprobrare
652 1911 730 1987 apud
748 1913 795 1970 tot
814 1911 946 1969 consules
965 1908 1131 1986 pauperes?
1155 1930 1193 1967 an
1211 1910 1267 1969 tibi
1282 1910 1353 1969 XIX

257 1998 399 2058 Claudius
422 1999 567 2058 Maximus
590 2000 712 2059 idoneus
737 1999 856 2058 auditor
877 1999 996 2057 uidetur
1024 1998 1061 2057 ad
1087 1997 1270 2057 irridendam

255 2090 473 2163 paupertatem,
496 2088 575 2163 quod
592 2088 656 2164 ipse
670 2088 790 2147 uberem
804 2091 834 2147 et
847 2089 993 2165 prolixam
1010 2107 1073 2146 rem
1090 2086 1269 2146 familiarem

255 2178 379 2235 sortitus
399 2174 463 2235 est?
487 2176 769 2252 erras,·Aemiliane,
788 2179 818 2235 et
835 2178 923 2255 longe
941 2177 1029 2235 huius
1048 2176 1140 2234 animi
1157 2177 1269 2236 frustra

255 2285 300 2339 es,
328 2266 354 2323 si
378 2285 445 2325 eum
468 2285 503 2324 ex
525 2267 661 2325 fortunae
684 2266 886 2343 indulgentia,
916 2285 976 2325 non
1005 2286 1040 2324 ex
1063 2265 1268 2343 philosophiae

203 2375 231 2414 ro
255 2373 380 2413 censura
412 2354 539 2429 metiris,
572 2355 597 2414 si
629 2356 727 2413 uirum
758 2357 823 2413 tam
855 2358 989 2413 austerae
1019 2357 1116 2414 sectae
1147 2356 1267 2429 tamque

148 2443 539 2507 p.aaxr.diutinae'militiae
562 2462 621 2502 non
643 2447 732 2519 putas
757 2443 926 2502 amiciorem
953 2462 1015 2503 esse
1041 2443 1185 2502 coercitae
1207 2463 1267 2502 me·

254 2532 408 2591 diocritati
432 2552 521 2607 quam
544 2531 686 2592 delicatae
710 2533 888 2608 opulentiae,
910 2533 1061 2591 fortunam
1083 2533 1166 2590 uelut
1188 2535 1267 2590 tuni-

255 2640 322 2680 cam
336 2620 433 2699 magis
448 2622 621 2680 concinnam
636 2612 725 2696 quam
747 2622 869 2698 longam
886 2620 1025 2696 probare;
1049 2622 1158 2697 quippe
1177 2622 1268 2681 etiam

254 2730 291 2769 ea
315 2712 367 2769 etsi
395 2729 456 2768 non
486 2713 618 2787 gestetur
646 2713 675 2769 et
702 2710 851 2784 trahatur,
878 2709 954 2767 nihil
982 2712 1080 2769 minus
1109 2730 1198 2785 quam
1224 2710 1267 2768 la-

347 2849 361 2896 1
383 2844 477 2898 Senee.
498 2843 599 2897 consol.
621 2843 657 2897 ad
675 2843 756 2898 Helu.
777 2850 818 2897 12.

347 2920 363 2967 6
381 2913 475 2968 Valer.
495 2930 567 2968 max.
586 2913 625 2968 IV
642 2920 720 2969 4.10.

346 2992 362 3039 8
381 2986 441 3040 Liu.
460 2986 486 3038 Π
504 2990 599 3039 33.10.

328 3062 361 3109 10
380 3056 451 3111 Plin.
470 3058 528 3110 nat.
547 3056 612 3110 hiet.
632 3056 721 3109 XVIII
740 3062 763 3109 3.
776 3062 817 3109 20.

328 3133 362 3181 13
382 3126 416 3181 cf.
435 3126 502 3182 Met.
521 3128 547 3179 Π
566 3132 608 3181 28.
627 3146 654 3197 p.
674 3132 770 3181 4322.

327 3257 342 3304 2
363 3250 510 3305 odiernum
528 3252 549 3305 F
630 3256 647 3303 4
666 3250 777 3321 sinpulo
791 3252 813 3305 F
827 3254 859 3306 ia
872 3270 923 3323 mg.
938 3255 969 3304 at
983 3250 1136 3320 eimpuuio;
1154 3239 1265 3320 sipiiuio

253 3344 274 3392 φ
295 3323 402 3392 (prior
423 3339 443 3374 u
466 3330 491 3377 et
513 3324 600 3377 altcro
618 3321 628 3374 i
646 3323 678 3375 io
695 3340 759 3390 ros,
778 3324 810 3377 ia
828 3341 879 3394 mg.
899 3327 927 3390 οὔ,
948 3321 1087 3392 sympfilo)
1108 3370 1157 3407 Μ]
1177 3328 1193 3377 5
1213 3321 1264 3376 Gn.

252 3412 302 3481 Fu>
323 3410 371 3465 Cn.
392 3411 444 3466 Kr.
459 3410 571 3466 Manius
589 3410 611 3465 F
629 3428 738 3467 marcus
754 3432 775 3481 φ
794 3413 829 3478 cf.
845 3416 887 3467 25.
899 3416 942 3479 16,
956 3417 989 3464 21
1063 3415 1078 3463 9
1098 3415 1157 3480 apl
1177 3411 1199 3463 F
1218 3411 1264 3480 (po

253 3484 319 3537 add.
335 3500 370 3537 m.
387 3486 412 3551 1)
481 3488 514 3535 10
529 3482 690 3536 extantibus
709 3483 731 3535 F
750 3485 788 3538 ad
801 3491 918 3537 'uersum
932 3483 980 3551 qai
990 3482 1109 3551 pertinet
1122 3499 1141 3535 a
1154 3480 1264 3535 collatis

252 3570 339 3623 aeque
357 3554 396 3607 od
414 3553 494 3623 Regu
520 3555 551 3607 ia
573 3571 625 3625 mg.
645 3555 731 3608 adeor.
758 3560 797 3608 eet
813 3553 833 3606 d
851 3553 872 3606 F
963 3559 996 3606 12
1015 3552 1140 3607 aalide
1159 3573 1180 3622 φ
1201 3552 1265 3605 ''ille

253 3624 366 3678 omnee¹¹
387 3624 409 3677 F
482 3630 515 3678 12
535 3624 661 3679 consules
680 3624 702 3679 F
720 3626 835 3679 reclusit
852 3624 904 3679 Kr.
931 3650 934 3653 ⁴
982 3630 1015 3678 18
1034 3628 1064 3679 et
1081 3623 1164 3694 longe
1182 3624 1266 3677 huius

256 3696 345 3749 animi
364 3694 449 3765 longe
468 3711 496 3749 es
515 3694 620 3749 frustra
639 3717 661 3765 φ
751 3700 783 3748 21
805 3695 966 3749 amiciorem
983 3698 1023 3751 etc
1040 3697 1062 3749 F
1082 3695 1266 3750 amicitiorem

253 3788 275 3836 φ
296 3770 301 3835 Ι
321 3766 407 3821 acrba
430 3782 485 3819 nou
508 3770 635 3835 putae-
647 3773 680 3820 22
700 3766 863 3836 opulentiae
881 3773 976 3822 ectum
997 3769 1030 3821 ia
1048 3788 1069 3837 φ
1088 3769 1119 3821 ia
1136 3769 1208 3822 coloe
1225 3768 1266 3821 ul-

251 3840 339 3907 terius
357 3838 499 3892 columnae
517 3855 550 3891 m.
571 3844 587 3891 2
605 3839 708 3906 scriptu
725 3838 772 3892 Kr.
795 3841 799 3906 ι
823 3837 962 3892 cohercite
981 3839 1025 3908 Εφ
1073 3877 1077 3881 -
1098 3845 1133 3892 24
1151 3855 1193 3907 ea,
1212 3838 1266 3892 etei

253 3910 353 3977 ecrtpet
371 3908 426 3962 etei
445 3924 479 3962 ea
496 3908 612 3964 Salmas.
633 3925 666 3962 ea
686 3908 710 3961 si
728 3910 778 3979 Frp
795 3913 799 3978 Ι
815 3909 887 3963 nihil
905 3910 954 3979 Frp
973 3910 1135 3965 nihilo'Kr.
