3125 4617
336 515 379 579 62
611 513 641 567 L.
660 509 793 565 APVLEI
811 508 1071 565 MADAVRENSIS

228 623 319 665 11141.
334 623 350 662 r.
364 621 411 663 ras.
1296 619 1336 658 aa
1351 617 1415 659 cass

335 683 433 742 nullas
456 682 568 742 hostias
591 683 650 742 nisi
672 681 800 758 gallinas
823 679 1006 738 nominastis.
1044 696 1083 736 an
1105 681 1141 737 ut
1159 697 1255 756 grana
1273 681 1348 738 turis

335 769 546 831 numerarent?
570 790 608 829 an
630 774 666 830 ut
688 770 828 827 Thallum
849 765 1089 844 prosternerent?

229 860 357 919 XLVIII
423 860 577 919 Mulierem
605 860 695 917 etiam
722 858 847 917 liberam
877 856 1051 932 perductam
1082 856 1120 915 ad
1147 875 1194 914 me
1228 858 1349 915 domum

336 950 452 1009 dixistis
482 948 612 1008 eiusdem
636 947 734 1005 Thalli
764 945 961 1020 ualetudinis,
991 964 1081 1020 quam
1111 964 1165 1022 ego
1195 946 1349 1022 pollicitus

336 1039 392 1098 sim
415 1039 598 1099 curaturum:
630 1055 695 1094 eam
725 1055 842 1110 quoque
866 1054 883 1093 a
906 1053 953 1092 me
981 1035 1166 1093 incantatam
1194 1036 1348 1094 corruisse.
1373 1053 1384 1093 a

336 1132 370 1187 ut
392 1127 494 1200 uideo,
521 1144 575 1184 uos
597 1125 820 1200 palaestritam,
847 1141 906 1181 non
929 1143 1049 1200 magum
1072 1125 1244 1182 accusatum
1265 1126 1348 1183 ueni-

337 1218 403 1275 stis:
426 1216 471 1274 ita
493 1215 587 1274 omnis
607 1215 659 1289 qui
680 1233 727 1271 me
750 1230 897 1272 accessere
920 1211 1018 1270 dicitis
1042 1211 1189 1271 cecidisse.
1226 1214 1350 1290 negauit

334 1308 434 1363 tamen
459 1305 617 1379 quaerente
640 1305 686 1376 te,
713 1301 857 1374 Maxime,
884 1301 1042 1360 Themison
1072 1300 1218 1375 medicus,
1250 1321 1267 1359 a
1292 1321 1349 1376 quo

336 1393 442 1450 mulier
473 1392 510 1450 ad
539 1391 755 1466 inspiciendum
783 1390 927 1466 perducta
956 1393 1017 1463 est,
1046 1389 1206 1464 quicquam
1232 1383 1243 1468 ΙΙ
1269 1391 1350 1448 ultra

334 1499 462 1558 passam,
485 1480 543 1539 nisi
567 1481 715 1556 quaesisse
737 1499 794 1553 me,
817 1478 921 1553 ecquid
938 1478 986 1536 illi
1008 1496 1093 1537 aures
1117 1478 1305 1538 obtinnirent
1321 1483 1386 1538 etro

336 1573 403 1628 utra
427 1589 527 1628 earum
549 1570 658 1646 magis:
689 1568 742 1626 ubi
763 1567 961 1644 responderit,
993 1567 1144 1625 dexteram
1166 1567 1225 1625 sibi
1248 1587 1351 1627 aurem

256 1707 260 1714 .
302 1686 321 1716 s.
336 1659 424 1717 nimis
446 1659 619 1734 inquietam,
640 1653 644 1736 Ι
664 1657 820 1716 confestim
843 1656 1017 1715 discessisse.
1054 1655 1102 1713 hic
1124 1674 1189 1733 ego,
1211 1656 1407 1730 Maximqaos:

337 1767 506 1823 quanquam
530 1747 631 1806 sedulo
650 1747 917 1822 inpraesentiarum
936 1765 954 1803 a
972 1744 1109 1803 laudibus
1126 1746 1189 1803 tuis
1206 1747 1350 1822 tempero,

336 1837 440 1896 necubi
472 1835 528 1894 tibi
560 1835 597 1894 ob
629 1853 748 1894 causam
778 1836 869 1894 istam
905 1834 1008 1891 uidear
1044 1833 1212 1908 blanditus,
1248 1837 1349 1893 tamen

337 1925 500 1985 sollertiam
521 1927 605 1983 tuam
627 1925 659 1982 in
681 1924 881 2001 percontando
903 1941 1017 1997 nequeo
1041 1923 1114 1998 quin
1131 1922 1259 1981 laudem.
1298 1923 1348 1981 du·
1361 1942 1383 1981 aa

338 2015 408 2073 dum
430 2015 522 2088 enim,
553 2032 619 2072 cum
647 2013 720 2072 haec
744 2013 929 2088 agitarentur
952 2014 982 2071 et
1008 2012 1055 2069 illi
1077 2011 1264 2070 incantatam
1285 2031 1348 2069 mu-

336 2104 439 2162 lierem
462 2103 604 2176 dicerent,
633 2101 762 2160 medicus
788 2101 839 2176 qni
862 2101 998 2159 adfuerat
1021 2101 1176 2175 abnueret,
1206 2101 1350 2176 quaesisti
1413 2106 1414 2113 ’

336 2197 371 2252 tu
394 2193 481 2251 nimis
505 2211 593 2267 quam
615 2191 785 2266 prudenter,
809 2190 887 2264 quod
909 2189 982 2247 mihi
1005 2189 1237 2248 emolumenturn
1259 2190 1350 2248 fuerit

337 2281 516 2340 incantandi.
544 2280 771 2356 responderint:
788 2271 841 2336 '‘ut
858 2279 965 2337 mulier
978 2273 1097 2337 rueret'.
1125 2272 1210 2353 ‘quid
1223 2276 1349 2337 deindo?

335 2372 454 2428 mortua
477 2363 553 2429 est?’
577 2370 683 2444 inquis.
725 2370 880 2444 neganmt.
922 2362 1006 2442 ‘quid
1029 2386 1098 2445 ergo
1121 2365 1242 2426 dicitis?
1271 2367 1384 2442 quoda

336 2458 445 2533 Apulei
469 2457 661 2530 commodum,
685 2458 710 2516 si
732 2450 872 2515 ruisset?
896 2457 940 2515 ita
961 2457 1040 2514 enim
1057 2455 1179 2532 pulchre
1198 2474 1234 2514 ac
1251 2475 1349 2532 perse-

336 2549 474 2610 ueranter
496 2547 585 2605 tertio
609 2545 764 2622 quaesisti,
791 2548 827 2604 nt
853 2546 904 2620 qui
928 2546 1017 2604 scires
1040 2545 1172 2603 omnium
1197 2545 1414 2607 factorumr-sat

335 2636 464 2693 rationes
488 2634 661 2711 diligentius
679 2633 899 2708 examinandas,
922 2653 955 2692 ac
974 2635 1091 2711 saepius
1110 2651 1215 2692 causas
1235 2634 1348 2709 quaeri,

335 2725 415 2781 facta
438 2723 557 2782 concedi
580 2743 672 2799 eoque
696 2724 788 2782 etiam
809 2725 951 2798 patronos
973 2724 1160 2800 litigatorum
1183 2722 1348 2782 causidicos

335 2813 491 2887 nominari,
514 2813 592 2887 quod
616 2831 667 2870 cur
686 2831 819 2887 quaeque
836 2812 918 2870 facta
936 2812 997 2871 sint
1015 2811 1180 2887 expediant.
1218 2815 1350 2870 ceterum
1362 2828 1385 2869 as

336 2919 443 2978 negare
473 2902 585 2959 factum
614 2901 711 2960 facilis
740 2919 787 2960 res
817 2902 862 2960 est
892 2902 923 2958 et
951 2902 1034 2959 nullo
1063 2902 1191 2977 patrono
1220 2901 1350 2977 indiget:
1412 2924 1413 2933 ¹

336 2993 415 3050 recte
437 2991 550 3049 factum
572 2991 621 3048 uel
643 3009 799 3067 perperam
822 2989 934 3063 docere,
956 2989 987 3046 id
1010 3009 1081 3049 uero
1105 2989 1200 3047 multo
1225 2989 1351 3048 arduum

336 3329 338 3336 ,
409 3290 423 3337 1
450 3284 614 3340 nominastis
642 3300 678 3338 an
706 3287 738 3340 nt
765 3305 787 3353 φ
814 3281 967 3336 nominasti
994 3281 1086 3335 sancit
1112 3282 1134 3335 F
1168 3285 1172 3349 Ι
1206 3282 1299 3336 thuris
1329 3304 1350 3352 φ

340 3362 357 3408 4
376 3355 542 3410 ualitudinis
557 3377 579 3426 φ
593 3357 627 3424 cf.
638 3361 680 3411 59.
692 3361 725 3410 15
802 3359 818 3407 b
837 3352 1011 3407 incantatam
1029 3369 1046 3405 a
1064 3369 1109 3406 me
1127 3373 1148 3421 φ
1224 3358 1238 3405 7
1258 3369 1351 3407 acces-

338 3443 397 3481 sere
416 3448 437 3496 φ
511 3432 544 3481 10
562 3425 619 3480 illis
638 3427 674 3479 F¹
692 3430 715 3497 (s
734 3427 835 3482 lineola
852 3426 989 3492 traasfisc
1010 3431 1062 3490 est,
1083 3425 1125 3479 ita
1140 3425 1172 3493 ψ’)
1196 3428 1200 3493 Ι
1224 3424 1352 3493 optinni-

337 3499 439 3552 rentF
530 3504 562 3552 11
586 3499 693 3569 earnm]
717 3515 813 3553 eorum
830 3497 880 3565 Fp
910 3498 913 3564 Ι
943 3495 1087 3549 dexteram
1108 3495 1160 3563 aa
1184 3496 1220 3561 cf.
1240 3501 1293 3549 510
1319 3496 1350 3550 0.

337 3588 364 3637 p.
385 3575 453 3623 61.2
472 3569 518 3622 Kr.
593 3575 625 3622 13
649 3567 901 3638 inpraesentiarum
919 3567 968 3636 Ρφ
1041 3570 1074 3619 15
1092 3567 1286 3635 percontando
1300 3567 1351 3636 qu

339 3647 371 3694 17
392 3639 560 3694 adfueratl*
587 3639 747 3710 affueratp
839 3645 871 3693 18
898 3638 1156 3692 emulumentumF
1180 3637 1352 3692 emolumen-

337 3730 437 3796 tumtp
493 3732 525 3781 19
545 3727 743 3783 intantandiF
763 3735 841 3799 (corr.
856 3746 890 3782 m.
907 3729 933 3796 1)
949 3730 953 3795 Ι
970 3729 1004 3796 qb
1023 3712 1050 3751 ⁰⁰
1064 3710 1100 3809 Ιξ
1114 3712 1178 3795 1)φ
1234 3732 1352 3795 21apu-

337 3814 373 3881 lej
400 3815 424 3935 ξ
456 3819 460 3882 Ι
494 3816 611 3870 comoda
639 3837 661 3884 φ
769 3822 803 3869 23
830 3819 864 3869 ut
891 3815 940 3882 qui
967 3814 1076 3886 ,soijres
1109 3834 1130 3883 φ
1162 3817 1195 3867 ut
1226 3814 1291 3881 quis
1325 3833 1351 3885 eJ

338 3899 381 3936 res
1107 3913 1110 3917 >
