3125 4617
317 501 382 564 110
594 499 624 554 L.
643 497 777 552 APVLXI
795 495 1054 552 MADAVRENSIS

208 615 224 655 i
239 617 299 658 liba·
313 611 329 650 ἲ·
344 611 391 651 2²⁸»
1279 605 1322 646 Ed.
1337 603 1416 648 mens

316 671 342 729 si
360 667 528 745 quamlibet
549 667 698 728 modicum
717 667 952 725 emolumentum
968 665 1180 742 probaueritis,
1202 685 1261 744 ego
1283 667 1336 727 ille

316 759 373 820 sim
388 757 566 818 Carmendas
590 757 639 815 uel
656 756 840 833 Damigeron
862 755 913 814 uel
934 755 982 814 his
1005 799 1137 813 .....
1162 756 1264 815 Moses
1285 757 1336 816 uel

315 849 466 908 Johanncs
489 846 538 906 uel
559 845 772 922 Apollobechen
795 846 845 903 uel
866 845 931 921 ipse
948 843 1108 903 Dardanus
1125 845 1176 903 uel
1194 845 1416 920 quicum-prono

316 957 373 1014 quc
399 937 477 996 alius
504 937 573 1012 post
597 936 771 994 Zoroastren
800 936 831 992 et
853 931 986 993 Ostanen
1014 933 1096 993 inter
1122 952 1230 1012 magos
1261 935 1334 994 cele
1348 953 1399 1001 (aar)

315 1028 419 1087 bratus
442 1029 496 1085 est
1360 1048 1372 1088 5

388 1229 494 1284 erun.
514 1231 572 1282 nat.
591 1226 657 1282 hist.
677 1225 754 1280 XXX
773 1233 836 1281 1.4:
869 1225 971 1280 mirum
988 1226 1042 1280 hoc
1060 1225 1199 1297 inprimis,
1219 1227 1335 1282 durasse

422 1299 585 1354 memoriam
604 1301 748 1367 artemque
771 1301 832 1353 tam
854 1298 940 1368 longo
958 1313 1029 1352 acuo
1049 1299 1261 1353 commentariis
1278 1316 1335 1354 uon

422 1369 669 1437 intercedentibus,
683 1373 831 1440 praeterea
843 1386 896 1424 nec
909 1368 993 1424 claris
1006 1385 1059 1424 noe
1073 1369 1217 1424 arbonis
1226 1387 1333 1425 saccea

423 1442 549 1497 sionibus
569 1441 747 1497 custoditam.
776 1444 878 1510 quotus
893 1441 969 1494 enim
982 1441 1102 1510 quisque
1117 1441 1219 1496 auditu
1233 1441 1334 1496 saltem
1414 1438 1415 1517 t

424 1513 550 1584 cognitos
568 1513 664 1580 habet,
683 1513 732 1582 qni
751 1512 805 1566 soli
823 1512 1011 1580 nominantur,
1029 1512 1189 1582 Apnsorum
1209 1516 1239 1567 et
1252 1513 1334 1567 Zara-
1414 1526 1415 1529 ’

423 1588 484 1639 tum
502 1584 599 1638 Medos
613 1583 841 1653 Babyloniosque
854 1583 1011 1637 Mamarum
1029 1586 1059 1638 st
1071 1583 1333 1653 Arabantiphocum

423 1659 474 1711 aut
491 1655 637 1726 Assyrium
655 1655 914 1723 Tarmoendam,
932 1671 1050 1723 qnorum
1067 1654 1149 1708 nulla
1162 1658 1264 1710 extant
1276 1673 1333 1711 mo·

422 1731 575 1782 numento?

388 1825 404 1872 3
422 1816 525 1873 Arncb.
545 1817 609 1871 adu.
628 1819 704 1886 gent.
723 1817 736 1868 I
755 1821 802 1870 52:
839 1830 893 1898 age
919 1831 994 1870 nunc
1020 1814 1120 1869 ueniat
1146 1831 1255 1884 quaeso
1282 1832 1332 1886 psr

423 1891 538 1962 igneam
555 1904 654 1943 zonam
671 1904 771 1958 magus
790 1888 923 1942 interiore
942 1886 978 1941 ab
992 1886 1059 1941 orbe
1073 1886 1247 1956 Zoroastres,
1264 1887 1332 1941 Her·

422 1961 519 2032 mippo
542 1963 574 2013 ut
597 1960 783 2014 assentiamur
807 1958 928 2026 auctori,
955 1958 1122 2012 Bactrianus
1146 1961 1176 2012 ct
1197 1958 1249 2012 ille
1269 1975 1333 2013 con-

424 2033 535 2101 ueniat,
559 2031 637 2085 cuius
657 2028 764 2085 Ctesias
782 2045 827 2082 res
845 2032 941 2100 gestas
958 2028 1141 2083 historiarum
1164 2029 1283 2099 exponit
1302 2031 1333 2083 in

424 2104 524 2230 prima
541 2101 698 2185 Armenim,
712 2100 827 2182 Ostanis
839 2117 936 2170 nepos,
955 2099 1145 2154 etfamiliaris
1159 2101 1333 2184 Pampbylus
1414 2134 1415 2145 .

424 2193 683 2314 b
705 2171 1073 2312 Ἣ
1087 2171 1333 2314 {bracar

423 2335 525 2373 nomen
542 2316 631 2370 fertur
648 2315 678 2369 in
696 2314 802 2369 talibus
819 2315 953 2369 habuisse
976 2314 1146 2385 praestigiis.
1167 2347 1201 2355 —
1221 2315 1331 2370 Plini

424 2391 450 2444 d.
471 2395 496 2458 2,
516 2395 562 2443 11:
585 2389 628 2442 est
647 2388 676 2441 et
694 2386 752 2440 alia
769 2386 893 2457 magices
912 2385 999 2440 factio
1018 2401 1036 2440 a
1053 2385 1132 2439 Mose
1151 2389 1181 2440 et
1197 2386 1288 2441 Ianne
1305 2388 1333 2439 et

423 2461 530 2530 Lotape
550 2475 583 2513 ac
601 2456 712 2511 Indaeis
730 2458 865 2526 pendens,
883 2457 934 2511 sed
951 2457 1049 2511 multis
1065 2456 1183 2511 milibus
1197 2475 1333 2513 annornm

444 2535 489 2586 ost
497 2532 670 2586 Zoroastren.
681 2561 715 2570 -
724 2529 794 2583 ibid.
805 2534 865 2583 29:
877 2528 1054 2584 Democritus
1066 2528 1219 2598 Apollob
1228 2531 1333 2584 echon

423 2551 556 2673 {opticen
566 2605 594 2657 et
603 2600 766 2656 Dardanum
780 2617 795 2654 e
808 2599 948 2654 Phoenice
962 2599 1126 2667 illustrauit,
1138 2600 1331 2656 uoluminibus

424 2673 550 2728 Dardani
568 2673 599 2726 in
623 2671 781 2742 sepulcrum
806 2672 867 2725 eius
891 2671 1004 2741 petitis,
1031 2670 1089 2724 suis
1106 2685 1174 2724 uero
1194 2688 1230 2724 ex
1249 2671 1331 2726 disci-

423 2745 503 2816 plina
522 2760 617 2799 eorum
635 2741 732 2812 editis,
756 2759 830 2810 quac
846 2744 961 2812 recepta
979 2742 1016 2796 ab
1034 2740 1101 2795 ullis
1118 2742 1268 2797 hominum
1288 2747 1328 2797 at

424 2832 479 2886 que
497 2815 642 2871 transiisse
657 2830 708 2885 per
725 2814 890 2868 memoriam
907 2829 997 2882 aeque
1015 2829 1049 2868 ac
1066 2812 1140 2867 nihil
1157 2814 1190 2868 in
1201 2814 1267 2869 uita
1278 2815 1330 2868 mi-

424 2888 544 2943 randum
563 2890 613 2941 est.

390 2984 407 3033 4
425 2977 493 3033 ibid.
510 2983 534 3032 2.
546 2982 573 3031 3:
594 2977 654 3031 sinc
668 2974 753 3029 dubio
768 2974 884 3046 (magia)
899 2977 961 3029 orta
973 2974 1005 3028 in
1017 2973 1131 3029 Perside
1146 2989 1163 3027 a
1177 2973 1331 3041 Zoroastre,

425 3053 459 3105 ut
475 3049 549 3103 inter
568 3051 695 3103 auctores
710 3047 854 3102 conuenit:
873 3047 923 3102 sed
935 3064 1008 3100 unus
1021 3046 1069 3100 hie
1081 3045 1168 3100 fuerit
1181 3061 1221 3100 an
1233 3049 1331 3116 postea

426 3125 455 3177 et
473 3121 559 3188 alius,
577 3136 633 3174 non
656 3118 725 3174 satis
750 3120 868 3173 constat.
888 3151 921 3158 —
940 3117 1008 3172 ibid.
1029 3123 1053 3172 2.
1064 3122 1093 3171 8:
1112 3116 1234 3187 primus,
1259 3117 1332 3186 quod

426 3196 510 3262 extet,
524 3195 556 3247 ut
570 3191 701 3260 equidem
713 3190 838 3260 inuenio,
852 3191 1055 3245 commentatus
1070 3188 1158 3243 estde
1167 3187 1332 3244 eaOstanes

390 3415 406 3463 2
426 3407 560 3464 camden
577 3406 599 3459 F
618 3404 808 3460 Tarmoendas
826 3404 878 3458 Kr.
896 3418 958 3456 eam
972 3402 1047 3456 Plio.
1061 3401 1096 3456 N.
1110 3401 1144 3456 E
1159 3401 1240 3455 XXX
1255 3408 1307 3459 1.4
1326 3403 1331 3475 Ι

318 3481 366 3536 uel
383 3480 428 3534 his
445 3479 537 3534 Moses
556 3478 578 3532 F
595 3478 727 3533 asadiam
743 3477 855 3530 uidetur
871 3473 1077 3540 compararim
1093 3472 1140 3526 uel
1157 3472 1332 3543 bismesosp

319 3553 366 3608 uel
384 3550 515 3626 <Ve>lus
534 3548 624 3623 (uel)
643 3548 734 3603 Moses
753 3546 806 3600 Kr.
825 3561 886 3599 cam
902 3543 1028 3598 Marusio
1045 3543 1092 3597 uel
1106 3543 1192 3597 Hisus
1206 3549 1254 3616 (=
1267 3545 1332 3600 Hie.

319 3626 376 3694 sus)
394 3622 442 3678 uel
459 3622 553 3676 Moses
570 3621 693 3676 Boseude
763 3622 780 3670 3
798 3613 863 3669 iobs
872 3613 894 3666 F
907 3613 988 3668 ictos
1002 3634 1024 3683 φ
1042 3614 1147 3668 Jannes
1160 3630 1225 3669 eam
1238 3617 1333 3672 Ocioio

320 3697 372 3751 Kr.
400 3698 405 3764 Ι
431 3691 637 3762 Apollobechos
662 3691 714 3744 Kr.
733 3704 767 3743 ex
786 3687 861 3740 Pla.
879 3683 957 3738 XXX
975 3690 1028 3738 29
1045 3687 1094 3740 abi
1112 3687 1181 3740 liber
1198 3688 1269 3742 Por.
1289 3688 1333 3759 (Z)

319 3769 398 3820 habet
410 3763 612 3833 Apollonscen;
632 3759 725 3827 apollo
744 3759 794 3831 hac
807 3756 829 3807 F
844 3754 938 3822 apollo
948 3755 999 3824 hep
1013 3755 1181 3824 Apollonius
1190 3759 1331 3832 Bossetol

321 3848 461 3956 quietique
479 3885 500 3936 F
573 3888 590 3936 4
609 3881 680 3936 alias
698 3879 743 3947 Pp
759 3881 764 3946 Ι
779 3877 925 3930 Hostanen
943 3875 993 3944 Ρφ
