3125 4617
638 496 825 552 APOLOGIA
900 522 902 526 ·
1199 498 1240 562 19

142 610 154 650 l.
168 607 281 649 Oudend.
1175 606 1191 647 f.
1205 609 1266 647 lota.
1280 608 1296 648 f.
1309 613 1346 649 la.

223 687 329 727 eorum
350 667 454 742 procul
478 667 647 725 absterrere.
693 684 788 741 neque
816 667 894 724 enim
917 667 1074 741 quicquam
1102 667 1184 724 aliud
1206 668 1238 724 in

224 776 383 831 corporum
406 756 502 813 forma
525 754 722 831 diligendum,
750 774 839 830 quam
863 754 941 829 quod
969 759 1173 814 commoneant
1195 756 1238 813 di-

150 860 208 913 (na)
224 846 314 903 uinos
338 846 452 902 animos
483 845 544 902 eius
574 843 819 918 pulchritudiniS,
850 862 939 918 quam
966 845 1049 918 prius
1078 863 1180 902 ueram
1209 849 1240 903 et

225 936 373 993 sinceram
395 934 473 991 inter
496 932 565 991 deos
588 932 696 993 uidere.
738 934 931 1007 quapropter,
958 936 1015 991 etsi
1036 934 1239 1010 pereleganter

195 1024 370 1083 sAfiranius
392 1022 448 1080 hoc
471 1023 613 1095 scriptum
635 1021 770 1095 reliquit:

471 1128 583 1186 amabit
605 1128 732 1202 sapiens,
755 1129 875 1202 cupient
898 1129 997 1202 ceteri,

224 1240 330 1295 tamen
352 1236 378 1293 si
400 1254 503 1292 uerum
530 1234 615 1308 aelia,
636 1233 813 1309 Aemiliane,
835 1235 884 1292 uel
913 1235 939 1293 si
965 1234 1038 1293 haec
1067 1236 1239 1312 intellegere

222 1343 359 1400 unquam
381 1326 482 1399 potes,
514 1342 574 1381 non
603 1326 666 1381 tam
690 1326 769 1381 amat
799 1325 915 1397 sapiens
944 1343 1032 1398 quam
1060 1324 1239 1382 recordatu.
1272 1396 1275 1399 Α

225 1415 267 1471 da
299 1414 392 1489 igitur
424 1412 542 1470 ueniam
573 1410 694 1469 Platoni
729 1411 905 1486 philosopho
939 1432 1078 1471 uersuum
1111 1415 1173 1471 eius
1204 1412 1240 1471 de
1253 1413 1328 1471 XIII

182 1524 209 1564 ro
226 1521 339 1577 amore,
361 1520 397 1559 ne
421 1520 475 1577 ego
498 1518 615 1559 necesse
637 1500 762 1559 habeam
785 1503 887 1559 contra
910 1503 1087 1559 sententiam
1109 1503 1239 1576 Neopto·

221 1590 298 1651 lami
320 1590 450 1647 Enniani
472 1589 606 1665 pluribus
629 1589 841 1664 philosophari,
863 1590 912 1647 uel
934 1591 961 1647 si
978 1593 1012 1648 tu
1030 1591 1061 1648 id
1079 1610 1139 1648 non
1156 1591 1240 1664 facis,

223 1699 282 1757 ego
305 1698 352 1737 me
374 1679 583 1758 facilelpatiar
605 1679 637 1735 in
659 1677 861 1736 huiuscemodi
883 1680 1017 1737 uersibus
1036 1679 1150 1753 culpari
1173 1697 1239 1737 cum

222 1770 361 1827 Platone.
406 1768 462 1826 tibi
486 1770 597 1841 autem,
620 1767 760 1841 Maxime,
787 1766 881 1825 habeo
904 1769 1032 1842 gratiam
1054 1786 1239 1842 propensam,

225 1877 295 1916 cum
317 1857 371 1915 has
395 1875 518 1931 quoque
536 1855 711 1931 appendices
741 1855 919 1914 defensionis
949 1874 1031 1914 meae
1060 1857 1166 1915 iccirco
1189 1876 1238 1914 ne-

183 1967 209 2008 15
226 1947 380 2020 sessaniae,
404 1946 474 2020 quia
497 1946 678 2003 accusationi
700 1944 910 2019 rependuntur,
932 1946 995 2001 tam
1014 1947 1126 2003 attente
1146 1944 1237 2003 audis.

147 2039 257 2095 annaei
285 2034 351 2093 ideo
381 2034 437 2092 hoc
469 2034 559 2091 etiam
589 2036 673 2108 peto,
705 2032 784 2108 quod
815 2032 889 2090 mihi
919 2036 987 2091 ante
1018 2034 1084 2108 ipsa
1116 2034 1238 2090 crimina

226 2118 370 2200 superest,
394 2122 496 2181 audias
519 2125 553 2180 ut
576 2121 670 2180 adhuc
692 2123 791 2181 fecisti
813 2122 938 2180 libenter
962 2125 992 2179 et
1014 2121 1180 2197 diligenter.

295 2212 436 2288 Sequitur
459 2212 536 2269 enim
559 2210 595 2269 de
618 2211 736 2286 speculo
755 2211 846 2287 longa
863 2211 917 2268 illa
936 2214 965 2269 et
984 2213 1115 2269 censoria
1134 2212 1238 2285 oratio,

227 2302 263 2360 de
288 2321 346 2377 quo
369 2320 423 2375 pro
445 2301 489 2358 rei
512 2300 668 2358 atrocitate
691 2318 785 2374 paene
813 2300 949 2374 diruptus
973 2302 1018 2358 est
1039 2298 1156 2359 Pudens
1180 2300 1238 2357 cla-

155 2408 210 2458 (na)
226 2392 351 2449 mitens:
381 2384 481 2447 ‘habet
503 2389 655 2463 speculum
681 2379 900 2471 phillosophus,
928 2389 1061 2463 possidet
1088 2389 1317 2463 speculamus».

184 2472 441 2557 a1philosophus'.
486 2480 520 2535 ut
551 2478 643 2554 igitur
674 2477 781 2536 habere
815 2476 971 2536 concedam
995 2510 1037 2518 -
1060 2498 1097 2535 ne
1126 2478 1238 2553 aliquid

226 2569 369 2629 obiecisse
391 2571 422 2626 te
445 2566 555 2641 aradae,
578 2568 603 2625 si
626 2585 735 2642 negare
754 2598 806 2640 —,
829 2585 888 2625 non
911 2569 1011 2624 tamen
1034 2586 1070 2625 ex
1092 2586 1126 2626 eo
1145 2568 1239 2641 accipi

225 2678 273 2717 me
297 2662 414 2716 necesse
438 2659 483 2714 est
505 2656 640 2713 exornari
663 2674 779 2730 quoque
803 2654 840 2712 ad
858 2655 1010 2729 speculum
1028 2656 1130 2714 solere.
1167 2655 1239 2730 quid

226 2744 327 2806 enim?
355 2746 381 2804 si
403 2744 575 2821 choragium
603 2743 796 2818 thymelicum
824 2743 1018 2819 possiderem,
1051 2764 1123 2802 num
1146 2764 1181 2801 ex
1204 2763 1237 2803 eo

185 2856 211 2896 25
226 2838 480 2913 argumentarere,
508 2835 597 2891 etiam
624 2834 670 2890 uti
692 2851 738 2890 me
767 2850 920 2891 consuesse
942 2833 1078 2909 tragoedi
1100 2835 1238 2909 syrmate,

318 2991 393 3038 eus.
413 2990 473 3038 221.
494 2985 571 3038 Scen.
591 2984 669 3039 Rom.
688 3000 764 3053 poes.
784 2983 817 3037 fr.
838 2984 873 3037 ed
891 2983 989 3038 Ribb.⁸
1005 2983 1058 3037 vol.
1077 2985 1111 3051 Π,
1129 3003 1156 3053 p.
1176 2989 1236 3037 228.

352 3055 460 3109 Nonius
478 3060 593 3109 421.19.
613 3055 688 3108 Seru.
708 3053 776 3108 Aen.
796 3054 842 3109 IV.
858 3059 916 3109 194.

300 3133 334 3181 10
353 3126 423 3181 Ena.
443 3128 515 3197 arag.
535 3132 587 3179 424
607 3126 646 3196 (1,
666 3126 704 3181 M.
722 3144 750 3195 p.
770 3128 845 3194 1ee);
865 3126 935 3181 Gen.
954 3126 981 3178 V
1000 3132 1041 3180 ra.
1053 3132 1076 3179 9.

299 3204 333 3253 19
353 3197 387 3252 cf.
407 3196 462 3251 (lic.
482 3199 519 3251 ad
538 3197 620 3268 Fam.
633 3196 684 3249 VII
704 3203 761 3251 1.4.

299 3330 313 3377 1
335 3322 477 3375 abstinere
494 3323 538 3375 ael
562 3322 709 3374 abhorrere
729 3322 861 3375 Pricaeus
967 3327 982 3373 2
1003 3321 1197 3373 commoneant
1215 3320 1237 3371 1⁴¹

225 3396 403 3449 commoneat
421 3393 473 3448 Kr.
494 3395 672 3446 ammoneant
691 3412 712 3460 φ
805 3397 822 3445 4
841 3392 895 3445 etsi
912 3391 1107 3460 pereleganter
1125 3391 1237 3460 Krdger

225 3466 290 3536 (etsi
309 3465 396 3534 Jalm)
417 3467 445 3517 et
464 3466 521 3533 (aie,
539 3480 596 3517 coc
613 3466 655 3533 ut)
675 3479 785 3532 semper
803 3462 947 3532 eleganter
965 3462 1014 3530 qu
1086 3468 1102 3515 5
1121 3461 1237 3529 reliquit

225 3539 310 3609 uulgo
329 3538 365 3603 cf.
384 3542 436 3590 415
457 3534 497 3603 0,,
515 3554 542 3605 p.
563 3540 604 3589 25.
617 3541 651 3589 24
669 3534 715 3589 Kr.
735 3534 912 3601 relinquatF
930 3533 1109 3602 relinquatur
1183 3538 1197 3586 7
1212 3532 1236 3585 si

227 3625 328 3663 uerum
345 3606 418 3661 uelis
433 3607 481 3676 Fa
496 3607 530 3673 cf.
540 3605 654 3660 Metam.
664 3605 710 3659 IX.
723 3611 746 3673 7,
761 3624 787 3674 p.
799 3610 885 3658 leae
901 3604 924 3657 si
938 3620 1038 3717 lddamllal
1051 3603 1149 3658 audire
1163 3603 1235 3657 nelis

933 3700 942 3726 1
993 3689 1008 3715 n
1032 3700 1042 3725 J

226 3734 277 3789 Kr.
296 3735 300 3802 Ι
316 3730 522 3856 intellplgarpl'
546 3736 618 3854 2214
636 3730 737 3813 iccirco
756 3728 805 3852 FFp
868 3733 900 3782 15
919 3731 1045 3853 gattentKe
1061 3729 1096 3800 Fa
1133 3730 1238 3853 2an

226 3806 695 3941 iinluffiiaatmaram5⁰⁰¹lt
708 3816 1026 3942 &galaditidis
1041 3818 1237 3941 samareus

1042 3961 1078 4014 ᾗ*
