3125 4617
647 486 832 542 APOLOGIA
1181 487 1245 552 107

146 629 152 638 .
170 598 281 640 ossone.
1168 597 1185 636 s.
1199 597 1261 639 issu.
1274 598 1292 638 τ.
1306 597 1354 638 us.

226 657 296 716 dem
319 655 399 715 Iulis
427 655 462 714 de
490 655 666 716 maritandis
690 655 843 715 ordinibus
865 674 1014 731 nusquam
1035 658 1084 716 sui
1107 657 1247 721 adhunc

226 747 352 806 modum
376 740 387 824 ΙΙ
410 744 576 804 interdicit:
609 739 742 803 ‘uxorem
764 745 797 802 in
824 745 899 803 uilla
926 764 963 803 ne
986 740 1109 804 ducito?
1154 747 1246 805 immo

227 837 255 895 si
277 854 385 894 uerum
407 834 492 910 uelis,
515 852 591 893 uxor
614 833 652 892 ud
669 833 786 909 prolem
803 834 901 891 multo
920 833 1102 908 auspicatius
1120 835 1153 893 in
1170 835 1247 894 uilla

227 944 322 1000 quam
351 925 384 982 in
415 922 526 999 oppido
556 923 688 997 ducitur,
720 923 753 980 in
782 922 846 981 solo
878 920 963 980 uberi
994 941 1086 997 quem
1116 925 1148 981 in
1181 923 1247 983 loce

150 1029 211 1082 (sse)
226 1014 335 1088 sterili,
357 1014 391 1071 in
414 1013 479 1090 egri
503 1013 614 1088 cespite
638 1030 730 1087 quum
752 1012 866 1070 inferi
889 1011 981 1070 silice.
1026 1015 1123 1070 meter
1145 1013 1247 1071 futura

200 1103 261 1164 ein
279 1103 346 1178 ipso
364 1104 501 1161 materno
520 1102 588 1160 sinu
606 1100 708 1175 nubat,
730 1101 764 1160 in
782 1103 882 1178 segete
901 1100 1015 1169 adulte,
1037 1119 1128 1178 super
1144 1103 1246 1162 fecun-
1286 1159 1288 1163 ,

146 1191 302 1250 senum
324 1190 458 1268 glebam.
487 1189 538 1248 uel
562 1189 641 1248 enim
663 1189 719 1248 sub
747 1190 829 1248 ulmo
852 1189 963 1248 merita
990 1188 1091 1264 cubet,
1120 1190 1153 1249 in
1179 1191 1246 1266 ipso

230 1282 346 1359 gremio
369 1281 467 1338 terrae
490 1280 604 1352 mauis,
627 1277 706 1336 iuter
728 1277 848 1337 suboles
870 1279 1031 1338 herbarum
1053 1282 1085 1338 et
1106 1279 1246 1356 propagi-

228 1387 282 1429 nes
305 1369 417 1428 uitium
440 1370 471 1427 et
494 1367 633 1426 arborum
655 1367 798 1444 germine.
842 1367 887 1425 ibi
909 1370 940 1426 et
961 1367 1014 1426 ille
1036 1367 1246 1428 celeberrimus

187 1479 213 1519 ιο
227 1460 261 1518 in
284 1456 446 1518 comoediis
469 1473 572 1516 uersus
596 1455 632 1514 de
654 1457 790 1532 proximo
814 1456 966 1533 congruit:

505 1561 622 1622 παίδων
645 1554 687 1622 ἐπ’
712 1559 807 1646 ἀρότῳ
830 1561 971 1641 γνησίων.

159 1687 215 1738 (su)
228 1673 435 1731 Romanorum
458 1669 550 1727 etium
571 1667 735 1728 maioribus
754 1667 873 1738 Quintis
891 1671 922 1727 et
941 1667 1075 1728 Serranis
1095 1671 1126 1728 et
1143 1670 1246 1729 multis

229 1761 298 1820 aliis
322 1758 469 1819 similibus
491 1776 552 1817 non
574 1757 662 1816 modo
685 1776 805 1833 uxores,
832 1777 937 1816 uerum
960 1759 1052 1816 etism
1075 1760 1246 1818 consulatus

228 1853 258 1910 et
282 1849 451 1907 dictaturae
475 1846 507 1905 in
534 1847 615 1924 agnis
643 1845 852 1905 offerebantur.
898 1847 1020 1907 cohibeo
1045 1867 1093 1908 me
1124 1849 1157 1906 in
1182 1850 1246 1906 tem

188 1959 213 2000 rs
226 1939 346 2016 prolixo
369 1938 444 2011 loco,
467 1955 504 1994 ne
527 1935 585 1994 tibi
607 1937 727 2012 gratum
749 1935 868 2010 faciam,
896 1937 922 1994 si
944 1936 1050 1994 uillam
1073 1936 1244 1995 lsudeuero.

295 2027 341 2086 De
360 2027 460 2084 aetate
479 2043 551 2084 uero
569 2023 766 2098 Pudentillae,
790 2025 826 2083 de
849 2043 908 2100 qus
930 2028 1000 2100 post
1021 2025 1082 2084 ista
1104 2025 1177 2085 setis
1200 2023 1352 2084 LXXXIX

228 2115 413 2176 confidenter
434 2113 578 2173 mentitus
602 2131 645 2190 es,
673 2116 709 2172 ut
732 2113 824 2172 etiem
847 2114 1003 2191 sexaginta
1026 2132 1119 2174 annos
1141 2115 1246 2172 natam

304 2273 318 2320 1
338 2281 478 2334 nusquam
500 2263 545 2318 eui
567 2265 663 2320 Rotdc
685 2266 719 2332 cf.
740 2268 792 2318 689
812 2264 843 2320 0.
862 2283 890 2335 p,
910 2269 970 2320 10⁶.
982 2271 1016 2318 20
1034 2265 1081 2318 Kr.
1100 2280 1246 2332 nunquam

227 2339 273 2394 sui
292 2339 341 2406 sc
360 2353 505 2404 nunquam
524 2335 704 2461 {quantum
724 2336 781 2390 scio
801 2337 854 2390 Kr.
945 2342 961 2390 3
990 2334 1167 2407 οσορίσοσίοο
1194 2336 1244 2404 Fc

227 2409 386 2478 4silicec
415 2408 511 2462 scilice
573 2408 735 2476 campumt
750 2413 813 2476 post
831 2406 911 2461 silice
1001 2410 1162 2462 dmatemo
1181 2407 1245 2462 sinu

226 2516 332 2584 nubat,
351 2516 450 2584 ωνίγσί
466 2530 528 2568 cusu
545 2513 676 2596 Acidalio
694 2500 791 2569 mutuo
810 2512 835 2567 si
855 2516 859 2582 Ι
881 2513 979 2597 nubet.
1016 2514 1048 2567 In
1066 2516 1137 2584 (post
1154 2514 1246 2599 nubat

227 2588 331 2711 ‘mli
346 2584 653 2712 stultulus
668 2591 934 2725 si⁶nl¹id⁶dt²⁴i⁸
944 2586 1246 2711 ssld'dstd

226 2675 296 2784 iil
315 2675 368 2799 ap
428 2731 445 2781 s
469 2728 585 2794 sonasse
603 2727 739 2810 Αγσησω
762 2728 873 2796 πωροι
897 2712 1048 2782 autumo
1067 2726 1223 2802 <marisca

226 2801 333 2855 murita
359 2799 468 2910 cubet,u
478 2805 542 2868 post
566 2797 651 2852 cubet
674 2815 705 2852 m
723 2798 744 2852 F
761 2816 856 2868 γοννο
872 2817 975 2856 νοσατο
989 2802 993 2869 Ι
1009 2799 1108 2855 metris
1127 2800 1200 2856 Ossa
1237 2842 1243 2855 .

227 2927 335 2979 matres
358 2923 408 2992 ίίγ
437 2895 546 2977 όοίοΙσο
565 2923 586 2974 F
608 2924 664 2993 (sed
692 2938 708 2976 ο
732 2924 813 2991 prior
840 2924 897 2978 iam
924 2940 958 2978 σω
984 2941 1004 2976 u
1030 2940 1098 2979 σωτ.
1126 2925 1244 2991 videm)

229 3001 262 3050 11
283 2995 415 3051 ΠὰΙόίάΝ
439 2995 737 3057 ΕΠὰΡΟΓΟΝΙΝΚΙΟΝ
758 2996 806 3049 ΕΠ
808 2995 946 3066 ΙΕΙΠΟΡίά
960 2994 983 3048 F
997 2996 1071 3050 unde
1085 2995 1137 3050 Kr.
1152 2996 1246 3050 elicuit

227 3065 341 3122 παίδων
361 3063 398 3120 ἐπ’
415 3063 507 3136 ἀρότῳ
522 3062 651 3134 γνησίων,
670 3079 732 3118 cum
745 3065 767 3119 S
836 3066 887 3120 οίίο
901 3073 926 3120 et
940 3066 1080 3120 Μτίπσίτίσ
1094 3065 1140 3120 ἐπί
1154 3070 1245 3140 σπορᾷ

226 3140 361 3211 γίοεοσωο
390 3137 540 3192 arbitratus
570 3143 595 3191 et
619 3142 774 3204 comparato
819 3143 959 3208 τογωσπίο
984 3137 1139 3192 Menandri
1168 3138 1245 3205 apsa

230 3209 311 3266 Olem.
331 3208 411 3263 Alce.
431 3207 528 3262 δίτονα.
547 3205 574 3260 11
591 3224 619 3276 p.
640 3211 699 3262 181.
711 3211 743 3260 is
764 3206 861 3279 (sylb.)
880 3214 1130 3264 metensem
1143 3225 1162 3262 ο
1176 3207 1244 3263 Pcr-

228 3298 293 3337 σοπσ
312 3281 466 3335 emendato:

603 3345 715 3404 παίδων
735 3346 771 3403 ἐπ’
794 3346 885 3422 ἀρότῳ
903 3347 1024 3419 γνησίων

382 3418 484 3490 δίδωμι
503 3419 547 3492 σοί
564 3439 595 3490 γε
614 3421 669 3490 (σοι
685 3418 735 3490 ’γὼ
753 3421 870 3488 Dobrec)
888 3420 941 3490 τὴν
959 3420 1081 3489 ἐμαυτοῦ
1099 3418 1245 3490 θυγατέρα

239 3496 305 3552 olim
323 3493 395 3562 suit:
412 3491 523 3546 παίδων
542 3490 636 3564 σπόρῳ
654 3499 711 3546 τῶν
730 3488 862 3560 γνησίων)

259 3571 322 3622 ctat
344 3572 435 3620 tamen
457 3563 588 3618 σοίιοίίαω
611 3563 648 3617 ad
671 3563 773 3632 Eurip.
796 3562 930 3616 Androm.
954 3564 1071 3632 4,qu0d
1093 3564 1245 3631 usquehuc

227 3639 361 3710 pertinet:
383 3631 505 3705 γνησίων
528 3632 575 3688 ἐπί
597 3639 687 3708 σπορᾷ
710 3631 836 3689 Παίδων.
860 3633 938 3688 Num
955 3650 1051 3688 uersus
1068 3639 1159 3689 ποπττ
1175 3635 1245 3700 fuit:

229 3707 343 3764 παίδσον
370 3703 414 3761 ἐπ’
436 3702 541 3778 ἀρότῳ,
569 3703 691 3776 γνησίων
717 3704 763 3758 ἐπί
788 3709 898 3773 cnossi?
918 3705 1095 3776 ¹Peerlkamp
1119 3706 1245 3761 σσοίτωίε

230 3778 343 3834 παίδων
368 3775 406 3832 ἐπ’
435 3775 526 3849 ἀρότῳ
551 3774 672 3846 γνησίων
692 3795 721 3832 τε
746 3777 795 3832 καί
818 3758 919 3851 σπόρῳ.
961 3775 1083 3832 Ueterum
1107 3776 1142 3844 cf.
1162 3775 1245 3831 Ptae·

231 3868 301 3923 aso
376 3872 410 3919 12
430 3864 541 3930 canen
559 3865 608 3935 οφ
678 3869 712 3918 14
727 3865 894 3921 cohibebam
911 3866 962 3936 οφ
977 3867 982 3935 ι
999 3864 1029 3920 in
1046 3864 1091 3920 ω
1109 3865 1131 3920 s
1150 3851 1244 3936 {sss
