3125 4617
680 474 864 530 unomen
1232 480 1272 543 11

148 586 191 626 ua.
207 585 316 627 oueme.
1209 586 1300 629 amaa
1315 589 1331 629 t.
1345 590 1379 629 aa.

329 644 400 703 Vidi
431 663 485 721 ego
515 643 627 702 dudum
656 645 707 702 uia
736 644 831 703 risum
860 644 1004 719 quosdam
1031 646 1175 721 tenentis,
1209 666 1275 705 cum
1289 648 1349 707 VH

260 733 424 793 munditias
455 734 514 792 oris
544 733 684 792 uidelicet
713 735 814 792 orator
848 734 900 792 ille
930 754 1031 811 aspere
1061 739 1214 794 accusaret
1242 739 1273 795 et

261 824 466 882 dentifricium
482 824 569 881 tanta
590 821 797 899 indignatione
815 824 1032 899 pronumtiaret,
1055 827 1167 899 quanta
1184 844 1272 885 nemo

260 913 420 987 quisquam
441 930 596 970 uenenum.
642 909 768 986 quidni?
792 912 903 970 crimen
924 912 1004 970 haud
1027 913 1272 972 contemnendum

232 994 483 1080 5[philosopho],
512 1000 589 1057 nihil
618 1001 650 1057 in
682 1019 712 1059 se
740 1000 891 1059 sordidum
914 1002 1027 1076 sinere,
1057 1002 1133 1059 nihil
1155 1003 1272 1077 uspiam

259 1090 392 1167 corporis
411 1091 548 1166 apertum
561 1084 931 1167 <opertwn>imm1mdum
948 1091 1013 1167 pati
1032 1108 1067 1148 aa
1083 1092 1272 1167 fetadentunn,

185 1192 245 1242 (³94)
260 1180 437 1255 praesertim
456 1170 461 1259 l
482 1197 528 1252 os,
550 1179 633 1237 cuiue
655 1179 688 1235 in
711 1179 870 1255 propatulo
894 1181 924 1238 et
946 1180 1103 1256 conspicuo
1126 1199 1197 1239 usus
1219 1181 1270 1240 ho·
1284 1192 1301 1233 f.
1315 1193 1349 1233 ab.

257 1269 334 1325 mini
351 1268 552 1341 creberrimus,
575 1268 638 1326 siue
656 1267 708 1325 ille
726 1268 857 1344 cuipiam
875 1268 1009 1327 osculum
1025 1269 1111 1343 ferat,
1134 1288 1187 1328 seu
1204 1288 1272 1328 cum

259 1358 420 1431 quicquam
443 1356 669 1431 sermocinetur,
702 1357 765 1415 siue
794 1357 827 1413 in
850 1357 998 1416 auditorio
1026 1357 1177 1432 dissertet,
1207 1360 1271 1417 siue

216 1447 291 1507 1qu
313 1446 426 1522 templo
449 1463 551 1522 preces
574 1446 698 1522 allegetz
727 1464 844 1504 omnem
874 1447 985 1522 quippe
1013 1446 1142 1506 hominis
1171 1450 1271 1506 actum

257 1554 355 1595 sermo
377 1535 484 1611 praeIt,
507 1535 568 1609 qui,
590 1537 626 1593 ut
647 1534 692 1592 ait
713 1536 803 1610 poeta
824 1536 1012 1611 praecipuus,
1034 1535 1168 1595 dentium
1185 1556 1270 1595 muro

256 1623 463 1701 proficiscitur.
505 1623 589 1682 dares
612 1642 690 1681 nunc
713 1624 844 1698 aliquem
866 1624 1005 1683 similiter
1027 1625 1270 1701 grandiloquum:

153 1712 442 1773 a-11Kr.diaeretsuo
460 1731 552 1787 more,
575 1730 641 1770 cuum
659 1712 763 1789 primIs
782 1711 830 1770 oui
853 1712 918 1770 ulla
938 1713 1022 1771 fandi
1045 1732 1115 1772 eura
1138 1715 1189 1789 sit,
1214 1715 1270 1772 im·

256 1802 378 1879 pensius
409 1803 506 1860 cetero
538 1820 660 1876 corpore
692 1820 724 1859 os
757 1800 926 1876 colendum,
958 1802 1037 1877 quod
1068 1805 1146 1862 esset
1175 1804 1269 1860 animi

215 1910 241 1952 15
255 1890 439 1951 uestibulum
463 1893 494 1949 et
516 1891 658 1949 orationis
688 1891 778 1948 ianua
802 1892 833 1949 et
862 1890 1078 1966 cogitationum
1107 1892 1268 1950 comitium.

256 1999 311 2057 ego
335 1982 414 2039 certe
437 1998 491 2056 pro
513 1998 579 2038 meo
603 1981 693 2055 captu
716 1978 854 2054 dixerim,
875 1978 952 2036 nihil
974 1980 1072 2038 minus
1096 1998 1186 2054 quam
1209 1981 1268 2039 oris

255 2070 392 2127 illuuiem
421 2068 515 2127 libero
544 2071 575 2127 et
604 2068 721 2127 liberali
750 2069 817 2127 uiro
840 2070 1014 2144 competere.
1059 2071 1105 2127 est
1132 2068 1211 2126 enim
1233 2087 1268 2127 ea

255 2177 325 2233 pars
347 2158 476 2217 hominis
499 2158 564 2216 loco
588 2158 674 2231 celsa,
697 2158 765 2216 uisu
783 2159 932 2233 prompte,
953 2176 1009 2216 usu
1026 2156 1162 2215 facunda.
1198 2177 1268 2215 nam

256 2247 377 2322 quidem
405 2248 477 2305 feris
506 2249 536 2305 et
562 2246 723 2322 pecudibus
750 2264 782 2305 os
810 2245 921 2304 humile
945 2249 975 2305 et
998 2246 1134 2306 deorsum
1158 2245 1195 2304 ad
1217 2266 1267 2325 pe

213 2357 240 2396 ao
254 2336 307 2395 des
330 2336 487 2409 deiectum,
509 2336 638 2411 uestigio
661 2337 692 2393 et
713 2335 824 2411 pabulo
841 2336 1019 2411 proximum,
1039 2355 1193 2410 nunquam
1209 2336 1267 2394 fer·

253 2445 302 2484 me
325 2426 385 2484 nisi
413 2425 539 2483 mortuis
562 2427 615 2482 aut
638 2423 676 2481 ad
704 2442 836 2482 morsum
865 2425 1047 2499 exasperetis
1073 2425 1268 2500 conspiciturz

252 2514 384 2573 hominm
406 2532 477 2573 uero
499 2513 576 2571 nihil
597 2512 681 2588 prius
702 2514 844 2587 tacentis,
873 2512 950 2570 nihil
977 2514 1094 2589 saepius
1117 2514 1267 2589 loquentis

252 2604 462 2679 contemplere.
512 2602 604 2661 uelim
634 2602 729 2679 igitur
758 2619 860 2660 censor
891 2621 973 2661 meus
1005 2602 1191 2661 Aemilianus
1221 2622 1266 2661 re·
1280 2601 1355 2659 VIII

252 2692 408 2767 spondeat,
430 2710 600 2766 unquamne
622 2691 686 2767 ipse
713 2691 809 2749 soleat
836 2690 926 2766 pedes
951 2691 1067 2749 lauare:
1097 2692 1159 2766 uel,
1186 2693 1213 2750 si
1235 2691 1267 2749 id

212 2800 238 2841 25
252 2800 314 2840 non
337 2783 441 2857 negat,
467 2780 663 2840 contendatoe
685 2780 828 2838 maiorem
855 2798 958 2838 curam
979 2780 1195 2839 munditiarum
1215 2800 1266 2855 pe·

183 2880 237 2933 (³⁹⁶)
252 2870 341 2929 dibus
361 2889 450 2945 quam
472 2869 609 2927 dentibus
632 2867 858 2944 inpertiendam.
896 2870 985 2943 plane
1004 2869 1132 2944 quidem,
1154 2870 1266 2944 siquis

327 3009 360 3056 12
380 3003 460 3057 Hom.
480 3001 531 3056 Od.
547 3022 565 3056 α
585 3007 627 3057 64.

325 3080 361 3128 20
380 3074 414 3128 of.
435 3091 457 3129 c.
477 3078 512 3127 54
529 3092 556 3143 p.
577 3078 618 3129 64.
639 3078 680 3127 14.
700 3073 746 3127 Kr.

326 3224 341 3270 2
356 3215 546 3284 mundiciaeo
600 3221 617 3268 4
632 3164 1000 3270 contemnenduidihd1liddid'litJ
1011 3214 1076 3268 seh*
1130 3218 1146 3267 5
1163 3213 1264 3284 [philo-

251 3288 354 3359 sopho]
373 3289 469 3342 seclusi
487 3293 618 3355 tauquam
632 3304 689 3342 coa
702 3306 721 3342 a
734 3305 820 3341 meuc
830 3288 924 3355 prema
934 3287 1087 3355 profectum
1158 3290 1174 3339 6
1185 3301 1264 3355 aper-

250 3380 314 3430 tum
328 3374 501 3499 <opertumg
515 3376 613 3458 scalpsi
631 3377 747 3444 aspectu
760 3375 936 3457 immundum
949 3374 1044 3429 Redde
1060 3362 1165 3457 imudu
1179 3392 1264 3445 mpp

250 3448 391 3501 mundum
405 3448 453 3516 qu
468 3451 478 3517 l
509 3464 541 3500 aa
553 3464 605 3517 κιρ.
620 3448 732 3516 habete)
796 3452 812 3499 9
831 3462 982 3513 qulcquem
991 3446 1040 3514 qu
1055 3461 1190 3513 quaquam
1205 3446 1264 3501 Gol-

250 3574 327 3640 uc'us,
347 3571 399 3625 Kr.
418 3574 421 3641 l
439 3530 611 3639 auditddiop
673 3577 706 3624 13
725 3572 773 3624 tuo
792 3587 869 3624 more
888 3570 982 3625 Rohde
997 3585 1046 3622 suo
1060 3569 1121 3623 iure
1139 3570 1264 3638 Lipsius,

250 3650 365 3711 uterque
374 3659 532 3711 perperam
547 3644 688 3697 iaciuntur
697 3642 769 3695 calm
784 3643 886 3709 aliquas
901 3641 1141 3711 prandiloqueuta'a
1149 3641 1266 3697 Homeri

250 3715 353 3769 cimelia
408 3719 441 3767 17
457 3712 617 3767 illubIemF
635 3712 766 3781 illuuiem
823 3718 855 3765 18
874 3711 998 3765 facunda
1011 3712 1060 3781 Fq
1079 3712 1262 3767 fecundaKr.

253 3791 287 3839 19
298 3784 405 3838 humile
399 3783 462 3911 W
469 3787 497 3839 et
507 3784 636 3838 deorsum
645 3784 667 3837 I*
676 3786 719 3854 (c'a
733 3784 819 3838 litora
832 3785 875 3837 est
888 3783 1112 3854 succendetur)
1158 3789 1192 3838 25
1201 3799 1263 3837 con-

251 3856 389 3911 tendatne
419 3854 938 3924 ahocontendatllomundiaiarump
975 3825 1263 3925 deimpertiendamq
